3074 5040
283 335 351 404 866
621 350 817 402 snonusus
843 352 1063 405 anrrrouuu

325 503 407 559 1577
430 495 541 566 Duaci,
554 501 584 556 4.
607 496 693 556 Sext.
707 497 785 556 Aur.
803 496 938 558 Victoris
958 497 1000 557 de.
1015 497 1100 558 Viris
1121 497 1172 560 lll.
1188 501 1268 561 urbis
1279 499 1393 564 Romae

285 593 377 666 liber,
386 592 463 653 salso
476 592 619 652 hactenus
632 591 724 651 Corn.
740 592 868 673 Nepoti,
882 594 930 652 vel
943 594 981 654 C.
997 594 1103 655 Plinio
1117 595 1246 658 Caecilio
1267 600 1392 683 inscrips

285 701 350 752 tus:
372 711 451 750 nunc
474 709 576 749 recens
595 710 632 749 ex
659 698 732 751 vett.
752 698 783 750 et
807 690 883 752 Mss.
899 688 1047 751 codicum
1062 697 1283 773 comparatione
1296 697 1394 759 lactus

284 789 400 850 auctior
413 797 444 847 et
456 786 639 846 emendatior
658 789 697 846 ab
718 784 819 848 Andr.
839 787 965 849 Schotto
986 788 1205 871 Antverpiano.
1245 793 1392 873 Ejusdem

285 895 376 956 notar,
394 885 505 965 quibus
526 884 634 964 partim
654 884 894 945 emendationum
912 887 989 946 ratio
1008 888 1189 968 explicatur,
1207 892 1317 970 partim
1338 895 1393 953 ob·

284 1004 370 1045 scura
380 992 411 1042 et
424 982 618 1061 antiquitates
627 981 829 1043 illustrantur:
851 990 884 1041 ut
896 983 963 1044 vice
975 987 1180 1046 commentarii
1191 1006 1256 1047 esse
1270 990 1393 1068 posint.

284 1080 398 1152 Duaci,
421 1100 470 1160 ap.
494 1078 545 1138 Jo
571 1077 875 1157 negandum-vid.
900 1079 1102 1161 Hamberger.
1124 1081 1145 1144 l.
1168 1082 1192 1146 Ι.
1214 1082 1253 1147 Τ.
1269 1101 1309 1148 tr.
1324 1106 1394 1167 pag.

282 1182 356 1241 617.

412 1431 536 1492 AETAS
560 1429 629 1492 ΙΙΙ.
652 1430 957 1493 scH01'11ANA
980 1454 1028 1496 an.
1050 1442 1265 1504 1579-1676.

326 1593 405 1651 1579
424 1586 616 1666 Antverpiae,
640 1593 671 1646 6.
703 1584 789 1644 Sex-t.
817 1588 895 1645 Aur.
919 1587 1052 1648 Virtutis
1074 1588 1218 1650 Historiae
1243 1591 1393 1654 Romanae

283 1686 471 1749 Breviorium
486 1705 505 1743 o
521 1683 601 1742 Jano
614 1693 645 1741 et
663 1682 793 1742 Saturno
807 1703 899 1763 usque
914 1683 953 1743 ad
967 1683 1155 1745 consulatum
1170 1705 1206 1747 x.
1222 1688 1393 1749 Constantii

283 1783 367 1863 Aug.
381 1792 412 1842 et
426 1781 445 1840 J
449 1781 541 1839 uliani
561 1779 640 1838 Caes.
657 1795 711 1839 ιιι.
727 1799 877 1858 uunquam
891 1790 980 1840 antea
993 1779 1105 1841 editum
1118 1803 1125 1851 ;
1148 1781 1187 1843 de
1200 1783 1284 1845 Viris
1298 1784 1392 1845 Illus-

282 1883 395 1948 tribusr
417 1880 456 1938 de
471 1877 640 1939 Cesaribus
654 1897 662 1943 ;
685 1875 722 1934 dc
732 1875 809 1935 Vita
819 1885 850 1935 et
860 1874 998 1936 Moribus
1011 1877 1227 1959 imperatorum
1240 1881 1393 1963 Epitome,

280 2000 350 2041 cum
363 1976 606 2055 castigationibus
622 1973 699 2031 Eliae
724 1972 839 2032 Vineti.
883 1973 932 2032 Ex
948 1974 1132 2034 bibliotheca
1146 1976 1245 2037 Andr.
1262 1978 1393 2053 Schott'r,

279 2078 367 2155 cujus
379 2075 470 2134 etiarn
481 2082 560 2131 notae
574 2072 701 2149 adjectae
714 2079 791 2129 sunt.
835 2071 932 2130 Antv.
947 2091 985 2130 ex
1000 2071 1052 2132 off.
1068 2072 1277 2138 Plautiniana.

319 2171 408 2234 Hinc
429 2190 506 2230 nova
525 2177 597 2228 aetas
615 2167 648 2227 S.
663 2170 707 2227 A.
724 2167 843 2226 Victori
866 2166 966 2226 illuxit
991 2188 1010 2227 a
1034 2168 1159 2229 Schotto
1182 2173 1248 2250 ejus
1273 2173 1392 2245 reduce,

280 2269 333 2350 qui
346 2269 456 2349 primus
470 2266 548 2325 illius
563 2264 751 2324 Breviorium
767 2263 853 2322 Hist.
868 2262 961 2323 Rom.
975 2284 1000 2324 s.
1012 2263 1049 2322 de
1065 2265 1188 2344 Origine
1203 2267 1311 2329 Gentis
1324 2269 1391 2330 Ro·

280 2385 377 2427 manae
390 2373 421 2423 et
441 2362 549 2422 librum
570 2360 608 2421 de
624 2360 794 2420 Cesaribus
808 2379 846 2419 ex
861 2359 1046 2420 bibliotheca
1065 2382 1120 2421 sua
1142 2365 1275 2443 protulit,
1298 2367 1391 2447 iisque

280 2462 388 2523 librum
402 2461 440 2520 dc
455 2460 540 2519 Viris
553 2457 669 2516 Illustr.
684 2478 703 2516 a
713 2477 744 2516 se
759 2457 878 2518 Victori
894 2466 983 2516 antea
994 2458 1190 2532 vindicatum,
1211 2470 1242 2519 et
1254 2462 1338 2520 illum
1352 2463 1391 2522 de

281 2560 357 2621 Vita
370 2570 402 2618 et
421 2558 557 2617 Moribus
571 2556 672 2636 Impp.
687 2554 779 2614 Rom.
805 2575 824 2614 a
842 2554 963 2633 juniore
983 2555 1112 2635 quodam
1128 2566 1247 2616 auctore
1261 2577 1299 2616 ex
1314 2558 1391 2618 vie-

279 2666 342 2717 tore
354 2663 540 2735 excerptum,
552 2654 594 2712 ita
605 2662 638 2711 ut
648 2653 687 2710 ab
702 2672 741 2710 eo
749 2652 858 2731 passim
867 2650 1049 2722 dissentiret,
1061 2672 1079 2711 a
1090 2651 1203 2712 Vinoto
1213 2655 1390 2732 castigatum

277 2752 436 2829 conjunxit
449 2751 478 2807 in
491 2768 581 2807 unum
597 2747 747 2809 volumen.
771 2747 895 2807 Priores
910 2749 972 2807 bini
988 2748 1056 2808 libri
1069 2747 1145 2808 adeo
1161 2748 1301 2808 dicuntur
1314 2751 1391 2810 vic

277 2859 325 2910 tor
338 2846 469 2914 Schotti,
492 2852 526 2903 ut
547 2843 586 2901 ab
607 2844 686 2902 hisce
709 2844 919 2922 posterioribus
940 2846 1028 2925 prius·
1044 2845 1132 2905 editis
1149 2845 1391 2926 distingueretur.

278 2943 425 3023 Repetite
437 2941 500 2999 haec
513 2939 607 2999 editio
618 2940 815 3000 Plautiniana
823 2952 868 3001 est
880 2949 972 3004 1562.
986 2942 1053 3002 inde
1064 2942 1209 3003 translata
1220 2945 1250 3003 in
1266 2944 1392 3026 Sylbur·

278 3041 396 3121 gianam
410 3036 632 3107 collectionem,
646 3036 684 3096 de
699 3057 758 3116 qua
772 3037 842 3096 vide
863 3057 912 3097 au.
933 3044 1021 3097 1566.
1065 3038 1169 3100 Secuti
1183 3050 1251 3100 sunt
1265 3042 1392 3122 Dionys.

278 3133 484 3198 Gotholredus
508 3135 538 3192 in
559 3133 644 3194 Hist.
662 3133 802 3212 Antiqua
825 3133 920 3193 Basil.
945 3140 1034 3195 1590.
1060 3145 1091 3195 et
1113 3135 1277 3215 Angenior.
1302 3146 1391 3200 1604.

280 3235 389 3295 Frauc.
406 3230 630 3311 Rophelengius
643 3230 671 3288 in
688 3229 773 3289 Hist.
788 3230 870 3308 Aug.
883 3229 1006 3310 Scriptt.
1021 3231 1094 3291 min.
1107 3238 1197 3295 1607.
1209 3235 1272 3314 ipse
1286 3236 1392 3295 Schot-

280 3342 328 3393 tus
352 3331 429 3390 inter
448 3329 550 3409 Opera
578 3327 669 3387 Corn.
696 3326 827 3407 Nepotis
849 3334 939 3388 1609.
961 3327 1058 3388 Janus
1079 3328 1226 3390 Gruterus
1247 3332 1276 3389 in
1307 3331 1392 3390 Hist.

281 3430 366 3508 Aug.
381 3427 503 3506 Scriptt.
517 3426 590 3484 min.
604 3430 693 3484 1611.
708 3444 783 3504 quos
793 3425 938 3483 recensuit
954 3424 1030 3486 Mss.
1041 3425 1116 3486 Pal.
1126 3437 1235 3486 ususet
1248 3428 1277 3484 in
1292 3425 1392 3504 capito

283 3527 398 3596 divisit,
425 3522 619 3582 Genevenses
645 3521 675 3579 in
706 3519 798 3601 Corp.
825 3519 911 3581 Hist.
941 3520 1006 3581 Lat.
1037 3532 1094 3594 ter,
1122 3530 1213 3582 1609.
1243 3526 1332 3581 1626.
1360 3531 1392 3582 et

282 3629 374 3684 1653.
390 3616 688 3680 Amsterodamenses
707 3616 737 3675 in
757 3616 842 3678 Hist.
863 3616 958 3679 Rom.
982 3619 1123 3699 Epitome
1143 3624 1231 3678 1615.
1256 3623 1392 3677 162561

283 3726 374 3782 1647.
398 3715 541 3776 Eluevirii
564 3714 593 3771 in
618 3712 753 3792 Republ.
774 3712 867 3773 Rom.
886 3721 977 3775 1629.
1001 3714 1193 3775 Boxhoruius
1215 3713 1244 3770 iu
1266 3710 1391 3793 Scriptt.

284 3817 370 3879 Hist.
384 3814 467 3890 Aug.
490 3809 569 3869 Min.
584 3815 674 3869 1692.
697 3809 772 3868 Nic.
795 3809 984 3873 Blancardus
997 3812 1025 3868 in
1042 3810 1129 3869 Hist.
1143 3807 1235 3869 Rom.
1251 3806 1392 3887 Epitome

283 3920 374 3974 1649.
394 3909 512 3986 Tanaq.
535 3904 633 3965 Faber
651 3907 680 3964 in
704 3904 849 3986 Eutropio
870 3916 901 3965 et
919 3906 1043 3965 Victore
1067 3924 1134 3964 curn
1158 3903 1297 3963 brevibus
1317 3906 1394 3966 uotis

285 4015 376 4071 1667.
417 4005 539 4083 Agmen
556 4001 673 4062 claudit
685 4001 717 4062 S.
732 4001 813 4062 Aur.
823 3999 932 4061 Victor
943 4021 1011 4060 cum
1023 4000 1199 4059 notisvarr.
1214 4007 1245 4057 et
1259 4000 1394 4062 iconibus

286 4103 383 4182 lugd.
399 4102 471 4161 Bat.
486 4105 575 4161 1671.
1378 4148 1381 4151 r

329 4205 408 4263 1562
427 4197 578 4277 Antverp.
592 4205 622 4260 8.
645 4195 680 4259 S.
696 4199 772 4256 Aur.
787 4194 896 4257 Victor
904 4192 1046 4275 repetitus
1054 4212 1095 4255 ex
1107 4191 1288 4258 edSchotti
1301 4203 1390 4262 1579.
