3074 5040
458 376 573 428 ssxrr
599 376 765 429 aunnnn
794 377 986 431 vrcroars.
1212 363 1278 431 871

469 657 651 726 VERSIO
674 657 985 728 GERMANIGA.

213 864 294 920 1535
315 858 484 937 strasburg,
500 857 553 920 fol.
568 857 661 922 Corn.
676 855 784 939 Nepos
798 858 890 936 (Aur.
906 857 1027 936 Victor)
1041 877 1107 922 vom
1125 860 1282 944 Ursprung

170 955 224 1016 des
238 954 429 1015 Roemischen
444 953 558 1014 Reicbs
574 953 627 1015 der
641 970 704 1015 vlt.
717 954 853 1034 Koenige,
864 953 980 1015 wiedie
993 957 1128 1036 regiaret,
1149 957 1210 1018 und
1224 960 1281 1019 wie

171 1054 214 1113 sie
229 1051 327 1112 zulezt
339 1052 504 1113 vertrieben
518 1051 584 1112 sind
601 1051 734 1123 worden,
749 1051 811 1110 und
825 1051 880 1112 das
894 1051 1213 1131 Biirgermeisterthum
1227 1077 1282 1117 an·

172 1148 328 1228 gesangen.
369 1147 513 1208 Daruach
536 1147 632 1227 folget
649 1148 704 1208 das
726 1147 827 1208 Leben
843 1148 903 1208 und
921 1148 1038 1209 Thaten
1060 1151 1282 1214 0010001000-

172 1245 267 1306 liober
277 1244 338 1305 und
352 1245 513 1306 herrlicher
532 1245 767 1324 Biirgermeister
780 1246 826 1305 bis
847 1246 903 1307 0111
912 1246 1029 1307 Oneum
1049 1248 1219 1329 Pompeum
1235 1250 1282 1314 Μ.

173 1342 253 1402 Item
273 1343 313 1403 C.
336 1342 460 1422 Crispus
480 1341 651 1416 Sallustius,
666 1348 724 1403 &c
767 1341 857 1403 Alles
876 1364 933 1405 ron
956 1364 1059 1407 neuem
1082 1346 1282 1422 verdeutscbt,

173 1440 234 1500 und
248 1439 337 1520 lustig
351 1460 388 1500 zu
402 1438 495 1501 lesen.

464 1743 994 1763 ..m-

220 2055 416 2119 Enrnonns
441 2050 574 2136 antiqui
594 2049 758 2135 (Codices
780 2048 948 2134 quosdam
970 2049 1057 2114 Mas.
1075 2049 1200 2129 secuti)
1223 2065 1283 2112 no·
1421 2039 1423 2042 ⁴

175 2156 321 2221 minibus
337 2154 493 2230 diversis,
509 2171 632 2235 nempe
648 2150 764 2229 Plinii,
781 2151 943 2228 Suetonii,
958 2158 994 2215 et
1003 2150 1149 2215 Cornelii
1167 2150 1284 2235 Nepo-

176 2262 233 2337 tis,
249 2263 301 2336 (ut
317 2257 390 2341 jam
406 2256 440 2320 in
457 2254 732 2340 praecedentibus
755 2261 908 2320 notatum
928 2258 1006 2334 est)
1030 2254 1121 2337 quod
1144 2251 1284 2318 Aurelio

176 2360 310 2426 Victori
331 2359 594 2446 adjudicandum
620 2363 684 2437 est,
708 2359 968 2443 inscripserunt3
992 2365 1025 2424 et
1053 2358 1132 2424 inde
1157 2359 1283 2424 facturn

176 2471 240 2542 ast,
256 2484 285 2528 e.
297 2484 328 2545 g.

219 2567 276 2631 De
291 2565 386 2631 Viris
401 2564 607 2641 illustribus,
626 2563 691 2628 sub
713 2562 817 2627 Plinii
831 2563 853 2628 J
858 2562 982 2628 uniaris
997 2561 1145 2638 nomine,
1162 2560 1284 2628 Venct.

175 2671 273 2735 1477.
295 2670 362 2734 410.
386 2675 421 2732 01
435 2667 468 2730 10
484 2666 648 2731 Biblioth.
664 2665 827 2750 Spencer.
853 2685 916 2750 per
940 2665 1083 2730 Dibdin.
1108 2666 1175 2731 vol.
1198 2681 1224 2730 1.
1250 2684 1285 2749 p.

176 2771 355 2836 07010101
371 2768 545 2853 Epistulas
560 2767 661 2833 Plinii
686 2768 760 2832 sine
784 2787 883 2844 anno,
898 2771 935 2832 ul
960 2774 1080 2851 postea
1102 2764 1285 2850 101011101-

177 2875 284 2938 stolas
302 2881 336 2940 01
352 2873 592 2957 Panegyricum
606 2871 790 2938 orationem
811 2870 915 2936 Plinii
930 2871 965 2936 in
981 2869 1106 2937 Aldina
1124 2869 1286 2948 editione,

178 2972 299 3039 Venet.
316 2976 416 3040 1508.
432 2975 513 3040 800.

222 3075 333 3140 Paris.
345 3077 445 3143 1504.
456 3081 527 3144 410.
549 3078 652 3145 Liber
667 3079 842 3146 continens
859 3084 986 3143 tantum
1002 3077 1056 3141 De
1068 3074 1151 3139 Vita
1164 3079 1198 3139 ct
1211 3070 1286 3138 Mo·

178 3175 273 3241 ribus
286 3176 388 3241 Rom.
406 3179 664 3261 imperatorum,
679 3201 724 3246 ex
740 3182 835 3245 libris
849 3177 980 3243 Aurelii
997 3175 1160 3241 Victoris.

224 3276 324 3353 Fani,
341 3279 440 3342 1504.
460 3281 540 3343 tivo.
567 3282 660 3364 apud
684 3282 930 3364 Hieronymum
951 3279 1156 3348 Soncinum:
1181 3276 1288 3360 011100

179 3379 286 3445 editio
301 3377 432 3444 Aurelii
448 3379 617 3459 Victoris,
632 3387 670 3447 01
692 3381 825 3458 (licitur,
841 3401 919 3465 quae
941 3380 1070 3446 saeculo
1087 3391 1172 3442 xvi.
1192 3377 1286 3443 evul-

180 3489 257 3564 gata
269 3488 329 3546 cst.
373 3479 486 3558 Alios,
497 3490 618 3565 praeter
630 3481 760 3548 Aurelii
771 3482 935 3560 Victoris,
949 3489 1113 3548 tractatus
1129 3480 1286 3546 continet.

181 3583 307 3650 Moss’s
323 3583 464 3648 Manna!
482 3585 522 3648 of
534 3584 702 3650 Classical
718 3584 978 3669 Bibliograpby,
994 3584 1062 3649 rol.
1080 3601 1103 3648 1.
1120 3603 1156 3667 p.
1170 3581 1248 3647 208.

223 3687 336 3765 siene,
346 3685 443 3751 1506.
453 3685 524 3751 ‹lto-
548 3685 669 3752 Vcrsio
683 3687 804 3752 Italica
818 3687 895 3752 libri
908 3687 963 3752 De
974 3686 1070 3751 Viris
1080 3684 1289 3763 Illustribus,

179 3789 244 3853 sub
265 3791 398 3854 nomine
419 3788 525 3854 Plinii
540 3788 827 3865 Novocomensis.

224 3892 328 3958 Liber
338 3890 521 3958 Illustrium
529 3891 699 3970 Virorum,
707 3893 770 3955 sub
783 3893 917 3956 nomine
927 3890 1081 3958 Suetonii
1091 3886 1289 3972 Tranquilli,

181 3994 236 4058 uel
252 3995 400 4061 Cornelii
413 3993 574 4079 Nepotis
589 4002 629 4059 ut
646 3996 680 4059 in
696 3994 855 4078 Epistola
878 3995 1005 4078 scripta
1026 4014 1087 4079 per
1102 3989 1289 4059 Sertorium

183 4096 456 4175 Cremonensem,
478 4098 631 4175 Taurini,
654 4097 892 4165 lece—Idem
911 4095 1052 4182 Argent.
1082 4117 1126 4164 ex
1155 4093 1289 4163 aedibus

115 4300 118 4306 Ι
185 4198 343 4266 Matthiae
358 4199 540 4282 Schurerii,
554 4199 652 4267 1512.
667 4200 734 4266 410.
