<?xml version="1.0" encoding="UTF-8"?>
<!DOCTYPE html PUBLIC "-//W3C//DTD XHTML 1.0 Transitional//EN"
    "http://www.w3.org/TR/xhtml1/DTD/xhtml1-transitional.dtd">
<html xmlns="http://www.w3.org/1999/xhtml" xml:lang="en" lang="en">
 <head>
  <title>
</title>
<meta http-equiv="Content-Type" content="text/html;charset=utf-8" />
  <meta name='ocr-system' content='tesseract 3.04.00' />
  <meta name='ocr-capabilities' content='ocr_page ocr_carea ocr_par ocr_line ocrx_word'/>
</head>
<body>
  <div class='ocr_page' id='page_1' title='image "./sextiaureliivic02victgoog/sextiaureliivic02victgoog_0424.png"; bbox 0 0 3074 5040; ppageno 0'>
   <div class='ocr_carea' id='block_1_1' title="bbox 493 334 1308 401">
    <p class='ocr_par' dir='ltr' id='par_1_1' title="bbox 493 334 1308 401">
     <span class='ocr_line' id='line_1_1' title="bbox 493 334 1308 401; baseline 0.005 -4"><span class='ocrx_word' id='word_1_1' title='bbox 493 346 606 397; x_wconf 85' lang='lat' dir='ltr'><strong>saxrr</strong></span> <span class='ocrx_word' id='word_1_2' title='bbox 631 347 794 397; x_wconf 74' lang='lat' dir='ltr'><strong>aunuum</strong></span> <span class='ocrx_word' id='word_1_3' title='bbox 819 349 1006 397; x_wconf 83' lang='lat' dir='ltr'><strong>vroronrs.</strong></span> <span class='ocrx_word' id='word_1_4' title='bbox 1242 334 1308 401; x_wconf 83' lang='grc'><strong>878</strong></span> 
     </span>
    </p>
   </div>
   <div class='ocr_carea' id='block_1_2' title="bbox 209 489 1313 2934">
    <p class='ocr_par' dir='ltr' id='par_1_2' title="bbox 209 489 1310 1176">
     <span class='ocr_line' id='line_1_2' title="bbox 264 489 1309 561; baseline -0.001 0"><span class='ocrx_word' id='word_1_5' title='bbox 264 493 361 561; x_wconf 84' lang='lat' dir='ltr'><strong>Sexti</strong></span> <span class='ocrx_word' id='word_1_6' title='bbox 379 492 505 558; x_wconf 76' lang='lat' dir='ltr'><strong>Aurelii</strong></span> <span class='ocrx_word' id='word_1_7' title='bbox 519 491 671 558; x_wconf 89' lang='lat' dir='ltr'><strong>Victoris</strong></span> <span class='ocrx_word' id='word_1_8' title='bbox 685 491 728 556; x_wconf 88' lang='lat' dir='ltr'><strong>de</strong></span> <span class='ocrx_word' id='word_1_9' title='bbox 744 491 834 556; x_wconf 89' lang='lat' dir='ltr'><strong>Viris</strong></span> <span class='ocrx_word' id='word_1_10' title='bbox 852 490 1044 556; x_wconf 83' lang='lat' dir='ltr'><strong>Illustribns</strong></span> <span class='ocrx_word' id='word_1_11' title='bbox 1064 489 1184 556; x_wconf 82' lang='lat' dir='ltr'><strong>Romae</strong></span> <span class='ocrx_word' id='word_1_12' title='bbox 1208 500 1244 558; x_wconf 93' lang='lat' dir='ltr'><strong>et</strong></span> <span class='ocrx_word' id='word_1_13' title='bbox 1266 493 1309 560; x_wconf 92' lang='lat' dir='ltr'><strong>de</strong></span> 
     </span>
     <span class='ocr_line' id='line_1_3' title="bbox 209 592 1310 671; baseline -0.003 -7"><span class='ocrx_word' id='word_1_14' title='bbox 209 596 417 664; x_wconf 77' lang='lat' dir='ltr'><strong>-Caesaribns</strong></span> <span class='ocrx_word' id='word_1_15' title='bbox 439 595 606 661; x_wconf 74' lang='lat' dir='ltr'><strong>Historia.</strong></span> <span class='ocrx_word' id='word_1_16' title='bbox 661 595 746 660; x_wconf 85' lang='lat' dir='ltr'><strong>Zum</strong></span> <span class='ocrx_word' id='word_1_17' title='bbox 777 592 957 660; x_wconf 88' lang='lat' dir='ltr'><strong>Gebrauoh</strong></span> <span class='ocrx_word' id='word_1_18' title='bbox 984 594 1042 659; x_wconf 83' lang='lat' dir='ltr'><strong>fiir</strong></span> <span class='ocrx_word' id='word_1_19' title='bbox 1067 594 1225 671; x_wconf 88' lang='lat' dir='ltr'><strong>Scbnlen,</strong></span> <span class='ocrx_word' id='word_1_20' title='bbox 1249 598 1310 664; x_wconf 76' lang='grc'><strong>888.</strong></span> 
     </span>
     <span class='ocr_line' id='line_1_4' title="bbox 221 686 1310 765; baseline 0 0"><span class='ocrx_word' id='word_1_21' title='bbox 221 699 302 765; x_wconf 90' lang='lat' dir='ltr'><strong>Von</strong></span> <span class='ocrx_word' id='word_1_22' title='bbox 316 699 352 765; x_wconf 84' lang='lat' dir='ltr'><strong>J.</strong></span> <span class='ocrx_word' id='word_1_23' title='bbox 365 697 404 763; x_wconf 87' lang='lat' dir='ltr'><strong>E.</strong></span> <span class='ocrx_word' id='word_1_24' title='bbox 415 697 540 763; x_wconf 86' lang='lat' dir='ltr'><strong>Friese.</strong></span> <span class='ocrx_word' id='word_1_25' title='bbox 556 696 874 764; x_wconf 71' lang='grc'><strong>1888188888.</strong></span> <span class='ocrx_word' id='word_1_26' title='bbox 919 686 1152 763; x_wconf 76' lang='lat' dir='ltr'><strong>Germanicam</strong></span> <span class='ocrx_word' id='word_1_27' title='bbox 1173 697 1310 765; x_wconf 85' lang='lat' dir='ltr'><strong>exhibet</strong></span> 
     </span>
     <span class='ocr_line' id='line_1_5' title="bbox 221 794 1309 884; baseline -0.002 -17"><span class='ocrx_word' id='word_1_28' title='bbox 221 794 418 877; x_wconf 84' lang='lat' dir='ltr'><strong>versionem,</strong></span> <span class='ocrx_word' id='word_1_29' title='bbox 438 801 592 866; x_wconf 70' lang='lat' dir='ltr'><strong>literatius</strong></span> <span class='ocrx_word' id='word_1_30' title='bbox 615 820 735 884; x_wconf 91' lang='lat' dir='ltr'><strong>nempe</strong></span> <span class='ocrx_word' id='word_1_31' title='bbox 757 807 985 880; x_wconf 87' lang='lat' dir='ltr'><strong>revertentem,</strong></span> <span class='ocrx_word' id='word_1_32' title='bbox 1006 803 1133 884; x_wconf 91' lang='lat' dir='ltr'><strong>qnippe</strong></span> <span class='ocrx_word' id='word_1_33' title='bbox 1152 802 1187 865; x_wconf 92' lang='lat' dir='ltr'><strong>in</strong></span> <span class='ocrx_word' id='word_1_34' title='bbox 1211 820 1309 866; x_wconf 90' lang='lat' dir='ltr'><strong>neum</strong></span> 
     </span>
     <span class='ocr_line' id='line_1_6' title="bbox 213 901 1310 989; baseline -0.003 -18"><span class='ocrx_word' id='word_1_35' title='bbox 213 905 415 989; x_wconf 84' lang='lat' dir='ltr'><strong>juventutis,</strong></span> <span class='ocrx_word' id='word_1_36' title='bbox 431 905 464 968; x_wconf 90' lang='lat' dir='ltr'><strong>in</strong></span> <span class='ocrx_word' id='word_1_37' title='bbox 488 904 664 970; x_wconf 85' lang='lat' dir='ltr'><strong>elementis</strong></span> <span class='ocrx_word' id='word_1_38' title='bbox 679 904 801 986; x_wconf 76' lang='lat' dir='ltr'><strong>linguae</strong></span> <span class='ocrx_word' id='word_1_39' title='bbox 817 903 944 969; x_wconf 82' lang='lat' dir='ltr'><strong>Latinae</strong></span> <span class='ocrx_word' id='word_1_40' title='bbox 960 901 1177 987; x_wconf 83' lang='lat' dir='ltr'><strong>acquirendis.</strong></span> <span class='ocrx_word' id='word_1_41' title='bbox 1220 903 1310 968; x_wconf 85' lang='lat' dir='ltr'><strong>Tex-</strong></span> 
     </span>
     <span class='ocr_line' id='line_1_7' title="bbox 221 1003 1306 1089; baseline -0.002 -17"><span class='ocrx_word' id='word_1_42' title='bbox 221 1016 277 1072; x_wconf 89' lang='lat' dir='ltr'><strong>tus</strong></span> <span class='ocrx_word' id='word_1_43' title='bbox 299 1014 354 1072; x_wconf 85' lang='lat' dir='ltr'><strong>est</strong></span> <span class='ocrx_word' id='word_1_44' title='bbox 376 1005 539 1084; x_wconf 77' lang='lat' dir='ltr'><strong>Harlesii,</strong></span> <span class='ocrx_word' id='word_1_45' title='bbox 564 1013 607 1085; x_wconf 88' lang='lat' dir='ltr'><strong>et,</strong></span> <span class='ocrx_word' id='word_1_46' title='bbox 630 1007 699 1070; x_wconf 90' lang='lat' dir='ltr'><strong>ut</strong></span> <span class='ocrx_word' id='word_1_47' title='bbox 690 1025 765 1089; x_wconf 75' lang='lat' dir='ltr'><strong>ipse</strong></span> <span class='ocrx_word' id='word_1_48' title='bbox 788 1004 880 1081; x_wconf 89' lang='lat' dir='ltr'><strong>dicit,</strong></span> <span class='ocrx_word' id='word_1_49' title='bbox 900 1003 1003 1069; x_wconf 90' lang='lat' dir='ltr'><strong>nitide</strong></span> <span class='ocrx_word' id='word_1_50' title='bbox 1024 1011 1058 1069; x_wconf 90' lang='lat' dir='ltr'><strong>et</strong></span> <span class='ocrx_word' id='word_1_51' title='bbox 1083 1010 1229 1069; x_wconf 88' lang='lat' dir='ltr'><strong>correcte</strong></span> <span class='ocrx_word' id='word_1_52' title='bbox 1250 1023 1306 1070; x_wconf 83' lang='lat' dir='ltr'><strong>ex·</strong></span> 
     </span>
     <span class='ocr_line' id='line_1_8' title="bbox 221 1110 365 1176; baseline -0.015 0"><span class='ocrx_word' id='word_1_53' title='bbox 221 1110 365 1176; x_wconf 87' lang='lat' dir='ltr'><strong>hibetur.</strong></span> 
     </span>
    </p>

    <p class='ocr_par' dir='ltr' id='par_1_3' title="bbox 218 1205 1312 1603">
     <span class='ocr_line' id='line_1_9' title="bbox 263 1205 1310 1289; baseline 0.001 -12"><span class='ocrx_word' id='word_1_54' title='bbox 263 1210 416 1278; x_wconf 86' lang='lat' dir='ltr'><strong>Victoris</strong></span> <span class='ocrx_word' id='word_1_55' title='bbox 432 1205 591 1277; x_wconf 85' lang='lat' dir='ltr'><strong>Historia</strong></span> <span class='ocrx_word' id='word_1_56' title='bbox 606 1209 774 1289; x_wconf 87' lang='lat' dir='ltr'><strong>Romana,</strong></span> <span class='ocrx_word' id='word_1_57' title='bbox 787 1229 831 1276; x_wconf 85' lang='lat' dir='ltr'><strong>ex</strong></span> <span class='ocrx_word' id='word_1_58' title='bbox 846 1210 1039 1276; x_wconf 78' lang='lat' dir='ltr'><strong>recensione</strong></span> <span class='ocrx_word' id='word_1_59' title='bbox 1050 1210 1073 1275; x_wconf 85' lang='lat' dir='ltr'>J</span> <span class='ocrx_word' id='word_1_60' title='bbox 1076 1229 1110 1276; x_wconf 94' lang='grc'><strong>8</strong></span> <span class='ocrx_word' id='word_1_61' title='bbox 1123 1209 1216 1275; x_wconf 89' lang='lat' dir='ltr'><strong>Frid.</strong></span> <span class='ocrx_word' id='word_1_62' title='bbox 1224 1210 1310 1278; x_wconf 85' lang='lat' dir='ltr'><strong>Gru·</strong></span> 
     </span>
     <span class='ocr_line' id='line_1_10' title="bbox 220 1298 1310 1396; baseline 0.001 -17"><span class='ocrx_word' id='word_1_63' title='bbox 220 1317 303 1381; x_wconf 90' lang='lat' dir='ltr'><strong>neri</strong></span> <span class='ocrx_word' id='word_1_64' title='bbox 334 1309 558 1379; x_wconf 84' lang='lat' dir='ltr'><strong>GuraFranc</strong></span> <span class='ocrx_word' id='word_1_65' title='bbox 575 1298 937 1396; x_wconf 79' lang='lat' dir='ltr'><strong>Xav.Schoeuberger.</strong></span> <span class='ocrx_word' id='word_1_66' title='bbox 959 1311 1310 1379; x_wconf 65' lang='grc'><strong>1718118181806888.</strong></span> 
     </span>
     <span class='ocr_line' id='line_1_11' title="bbox 219 1415 1312 1503; baseline -0.001 -19"><span class='ocrx_word' id='word_1_67' title='bbox 219 1416 366 1484; x_wconf 84' lang='lat' dir='ltr'><strong>Gruneri</strong></span> <span class='ocrx_word' id='word_1_68' title='bbox 380 1424 498 1484; x_wconf 83' lang='lat' dir='ltr'><strong>textus</strong></span> <span class='ocrx_word' id='word_1_69' title='bbox 512 1418 556 1481; x_wconf 88' lang='lat' dir='ltr'><strong>ab</strong></span> <span class='ocrx_word' id='word_1_70' title='bbox 571 1415 734 1482; x_wconf 87' lang='lat' dir='ltr'><strong>Harlesio</strong></span> <span class='ocrx_word' id='word_1_71' title='bbox 755 1416 892 1482; x_wconf 87' lang='lat' dir='ltr'><strong>multum</strong></span> <span class='ocrx_word' id='word_1_72' title='bbox 913 1415 1172 1495; x_wconf 79' lang='lat' dir='ltr'><strong>commendatur,</strong></span> <span class='ocrx_word' id='word_1_73' title='bbox 1189 1417 1247 1481; x_wconf 90' lang='lat' dir='ltr'><strong>et</strong></span> <span class='ocrx_word' id='word_1_74' title='bbox 1237 1436 1312 1503; x_wconf 85' lang='lat' dir='ltr'><strong>rpse</strong></span> 
     </span>
     <span class='ocr_line' id='line_1_12' title="bbox 218 1517 938 1603; baseline -0.01 -17"><span class='ocrx_word' id='word_1_75' title='bbox 218 1518 360 1586; x_wconf 88' lang='lat' dir='ltr'><strong>eandem</strong></span> <span class='ocrx_word' id='word_1_76' title='bbox 376 1519 527 1603; x_wconf 82' lang='lat' dir='ltr'><strong>vulgavit</strong></span> <span class='ocrx_word' id='word_1_77' title='bbox 547 1519 650 1594; x_wconf 88' lang='lat' dir='ltr'><strong>notis,</strong></span> <span class='ocrx_word' id='word_1_78' title='bbox 672 1518 826 1602; x_wconf 81' lang='lat' dir='ltr'><strong>Erlaugm</strong></span> <span class='ocrx_word' id='word_1_79' title='bbox 842 1517 938 1585; x_wconf 88' lang='grc'><strong>1787.</strong></span> 
     </span>
    </p>

    <p class='ocr_par' dir='ltr' id='par_1_4' title="bbox 221 1619 1311 1790">
     <span class='ocr_line' id='line_1_13' title="bbox 263 1619 1311 1707; baseline -0.001 -21"><span class='ocrx_word' id='word_1_80' title='bbox 263 1619 392 1687; x_wconf 87' lang='lat' dir='ltr'><strong>Aurelii</strong></span> <span class='ocrx_word' id='word_1_81' title='bbox 406 1621 568 1696; x_wconf 82' lang='lat' dir='ltr'><strong>Victoris,</strong></span> <span class='ocrx_word' id='word_1_82' title='bbox 579 1625 639 1688; x_wconf 72' lang='grc'><strong>818.</strong></span> <span class='ocrx_word' id='word_1_83' title='bbox 654 1620 758 1686; x_wconf 90' lang='lat' dir='ltr'><strong>editio</strong></span> <span class='ocrx_word' id='word_1_84' title='bbox 773 1640 873 1688; x_wconf 90' lang='lat' dir='ltr'><strong>nova.</strong></span> <span class='ocrx_word' id='word_1_85' title='bbox 904 1621 1019 1700; x_wconf 74' lang='lat' dir='ltr'><strong>Halae,</strong></span> <span class='ocrx_word' id='word_1_86' title='bbox 1031 1624 1063 1688; x_wconf 95' lang='lat' dir='ltr'><strong>in</strong></span> <span class='ocrx_word' id='word_1_87' title='bbox 1075 1622 1149 1688; x_wconf 88' lang='lat' dir='ltr'><strong>libr.</strong></span> <span class='ocrx_word' id='word_1_88' title='bbox 1161 1620 1311 1707; x_wconf 85' lang='lat' dir='ltr'><strong>Orphan.</strong></span> 
     </span>
     <span class='ocr_line' id='line_1_14' title="bbox 221 1723 1158 1790; baseline -0.013 0"><span class='ocrx_word' id='word_1_89' title='bbox 221 1723 318 1790; x_wconf 88' lang='grc'><strong>1808.</strong></span> <span class='ocrx_word' id='word_1_90' title='bbox 332 1724 410 1790; x_wconf 73' lang='grc'><strong>888.</strong></span> <span class='ocrx_word' id='word_1_91' title='bbox 1155 1772 1158 1778; x_wconf 93' lang='grc'><strong>,</strong></span> 
     </span>
    </p>

    <p class='ocr_par' dir='ltr' id='par_1_5' title="bbox 220 1825 1313 2300">
     <span class='ocr_line' id='line_1_15' title="bbox 262 1825 1312 1910; baseline 0.002 -19"><span class='ocrx_word' id='word_1_92' title='bbox 262 1826 390 1892; x_wconf 87' lang='lat' dir='ltr'><strong>Aurelii</strong></span> <span class='ocrx_word' id='word_1_93' title='bbox 406 1825 554 1892; x_wconf 88' lang='lat' dir='ltr'><strong>Victoris</strong></span> <span class='ocrx_word' id='word_1_94' title='bbox 570 1825 726 1892; x_wconf 85' lang='lat' dir='ltr'><strong>Historia</strong></span> <span class='ocrx_word' id='word_1_95' title='bbox 741 1825 907 1902; x_wconf 86' lang='lat' dir='ltr'><strong>Romana,</strong></span> <span class='ocrx_word' id='word_1_96' title='bbox 929 1827 971 1890; x_wconf 88' lang='lat' dir='ltr'><strong>ad</strong></span> <span class='ocrx_word' id='word_1_97' title='bbox 995 1827 1191 1910; x_wconf 88' lang='lat' dir='ltr'><strong>optimorum</strong></span> <span class='ocrx_word' id='word_1_98' title='bbox 1212 1826 1312 1893; x_wconf 88' lang='lat' dir='ltr'><strong>libro-</strong></span> 
     </span>
     <span class='ocr_line' id='line_1_16' title="bbox 220 1926 1313 2013; baseline 0.005 -23"><span class='ocrx_word' id='word_1_99' title='bbox 220 1946 290 1991; x_wconf 89' lang='lat' dir='ltr'><strong>rum</strong></span> <span class='ocrx_word' id='word_1_100' title='bbox 305 1926 404 1992; x_wconf 86' lang='lat' dir='ltr'><strong>fidem</strong></span> <span class='ocrx_word' id='word_1_101' title='bbox 420 1928 524 2005; x_wconf 82' lang='lat' dir='ltr'><strong>edita,</strong></span> <span class='ocrx_word' id='word_1_102' title='bbox 536 1935 570 1993; x_wconf 91' lang='lat' dir='ltr'><strong>et</strong></span> <span class='ocrx_word' id='word_1_103' title='bbox 584 1927 925 1993; x_wconf 84' lang='lat' dir='ltr'><strong>animadversionibus</strong></span> <span class='ocrx_word' id='word_1_104' title='bbox 941 1928 1067 1998; x_wconf 86' lang='lat' dir='ltr'><strong>criticis</strong></span> <span class='ocrx_word' id='word_1_105' title='bbox 1082 1929 1115 1992; x_wconf 93' lang='lat' dir='ltr'><strong>in</strong></span> <span class='ocrx_word' id='word_1_106' title='bbox 1129 1926 1208 1993; x_wconf 88' lang='grc'><strong>1888</strong></span> <span class='ocrx_word' id='word_1_107' title='bbox 1219 1948 1313 2013; x_wconf 76' lang='lat' dir='ltr'><strong>qute-</strong></span> 
     </span>
     <span class='ocr_line' id='line_1_17' title="bbox 221 2028 1311 2110; baseline 0.004 -17"><span class='ocrx_word' id='word_1_108' title='bbox 221 2029 298 2094; x_wconf 88' lang='lat' dir='ltr'><strong>dem</strong></span> <span class='ocrx_word' id='word_1_109' title='bbox 318 2028 509 2096; x_wconf 83' lang='lat' dir='ltr'><strong>difficiliora</strong></span> <span class='ocrx_word' id='word_1_110' title='bbox 529 2031 702 2097; x_wconf 78' lang='lat' dir='ltr'><strong>instruatu.</strong></span> <span class='ocrx_word' id='word_1_111' title='bbox 745 2029 917 2110; x_wconf 82' lang='lat' dir='ltr'><strong>Marburg.</strong></span> <span class='ocrx_word' id='word_1_112' title='bbox 935 2028 1028 2095; x_wconf 87' lang='grc'><strong>1818.</strong></span> <span class='ocrx_word' id='word_1_113' title='bbox 1042 2029 1216 2096; x_wconf 72' lang='lat' dir='ltr'><strong>dvo-De</strong></span> <span class='ocrx_word' id='word_1_114' title='bbox 1236 2028 1311 2097; x_wconf 81' lang='lat' dir='ltr'><strong>ort·</strong></span> 
     </span>
     <span class='ocr_line' id='line_1_18' title="bbox 221 2130 1310 2255; baseline 0.004 -60"><span class='ocrx_word' id='word_1_115' title='bbox 221 2132 298 2214; x_wconf 80' lang='lat' dir='ltr'><strong>gine</strong></span> <span class='ocrx_word' id='word_1_116' title='bbox 319 2131 440 2198; x_wconf 84' lang='lat' dir='ltr'><strong>Gentis</strong></span> <span class='ocrx_word' id='word_1_117' title='bbox 459 2131 634 2209; x_wconf 83' lang='lat' dir='ltr'><strong>Romanae,</strong></span> <span class='ocrx_word' id='word_1_118' title='bbox 648 2130 729 2197; x_wconf 89' lang='lat' dir='ltr'><strong>ibid</strong></span> <span class='ocrx_word' id='word_1_119' title='bbox 745 2131 841 2255; x_wconf 88' lang='grc'><strong>1818.</strong></span> <span class='ocrx_word' id='word_1_120' title='bbox 855 2131 1129 2216; x_wconf 76' lang='lat' dir='ltr'><strong>tivo-Epitome</strong></span> <span class='ocrx_word' id='word_1_121' title='bbox 1142 2132 1184 2197; x_wconf 93' lang='lat' dir='ltr'><strong>de</strong></span> <span class='ocrx_word' id='word_1_122' title='bbox 1199 2132 1310 2199; x_wconf 72' lang='lat' dir='ltr'><strong>Gaesa-</strong></span> 
     </span>
     <span class='ocr_line' id='line_1_19' title="bbox 221 2233 530 2313; baseline 0.007 -15"><span class='ocrx_word' id='word_1_123' title='bbox 221 2234 324 2313; x_wconf 89' lang='lat' dir='ltr'><strong>ribns,</strong></span> <span class='ocrx_word' id='word_1_124' title='bbox 337 2233 420 2300; x_wconf 88' lang='lat' dir='ltr'><strong>ibid.</strong></span> <span class='ocrx_word' id='word_1_125' title='bbox 434 2233 530 2300; x_wconf 87' lang='grc'><strong>1818.</strong></span> 
     </span>
    </p>

    <p class='ocr_par' dir='ltr' id='par_1_6' title="bbox 219 2294 1311 2523">
     <span class='ocr_line' id='line_1_20' title="bbox 262 2294 1311 2433; baseline 0.004 -32"><span class='ocrx_word' id='word_1_126' title='bbox 262 2336 393 2433; x_wconf 87' lang='lat' dir='ltr'><strong>Aurelii</strong></span> <span class='ocrx_word' id='word_1_127' title='bbox 422 2337 571 2407; x_wconf 86' lang='lat' dir='ltr'><strong>Victoris</strong></span> <span class='ocrx_word' id='word_1_128' title='bbox 608 2338 798 2421; x_wconf 86' lang='lat' dir='ltr'><strong>Romanam</strong></span> <span class='ocrx_word' id='word_1_129' title='bbox 832 2337 1017 2404; x_wconf 85' lang='lat' dir='ltr'><strong>Historiam</strong></span> <span class='ocrx_word' id='word_1_130' title='bbox 1055 2336 1161 2404; x_wconf 86' lang='lat' dir='ltr'><strong>edidit</strong></span> <span class='ocrx_word' id='word_1_131' title='bbox 1191 2336 1231 2404; x_wconf 85' lang='lat' dir='ltr'><strong>F.</strong></span> <span class='ocrx_word' id='word_1_132' title='bbox 1256 2294 1311 2405; x_wconf 90' lang='grc' dir='ltr'><strong>Χ.</strong></span> 
     </span>
     <span class='ocr_line' id='line_1_21' title="bbox 219 2418 882 2523; baseline -0.005 -17"><span class='ocrx_word' id='word_1_133' title='bbox 219 2418 477 2523; x_wconf 77' lang='lat' dir='ltr'><strong>Scboenberger.</strong></span> <span class='ocrx_word' id='word_1_134' title='bbox 522 2440 678 2518; x_wconf 83' lang='lat' dir='ltr'><strong>Viennae,</strong></span> <span class='ocrx_word' id='word_1_135' title='bbox 693 2438 791 2507; x_wconf 78' lang='grc'><strong>1820.</strong></span> <span class='ocrx_word' id='word_1_136' title='bbox 804 2438 882 2504; x_wconf 80' lang='grc'><strong>888.</strong></span> 
     </span>
    </p>

    <p class='ocr_par' dir='ltr' id='par_1_7' title="bbox 218 2541 1311 2934">
     <span class='ocr_line' id='line_1_22' title="bbox 262 2541 1311 2627; baseline 0.005 -22"><span class='ocrx_word' id='word_1_137' title='bbox 262 2541 417 2625; x_wconf 82' lang='lat' dir='ltr'><strong>Explicit</strong></span> <span class='ocrx_word' id='word_1_138' title='bbox 431 2543 608 2609; x_wconf 86' lang='lat' dir='ltr'><strong>Reoeusus</strong></span> <span class='ocrx_word' id='word_1_139' title='bbox 626 2541 814 2609; x_wconf 79' lang='lat' dir='ltr'><strong>Editionum</strong></span> <span class='ocrx_word' id='word_1_140' title='bbox 828 2541 957 2607; x_wconf 86' lang='lat' dir='ltr'><strong>Aurelii</strong></span> <span class='ocrx_word' id='word_1_141' title='bbox 971 2542 1140 2606; x_wconf 88' lang='lat' dir='ltr'><strong>Victoris:</strong></span> <span class='ocrx_word' id='word_1_142' title='bbox 1163 2545 1253 2627; x_wconf 90' lang='lat' dir='ltr'><strong>qnod</strong></span> <span class='ocrx_word' id='word_1_143' title='bbox 1266 2543 1311 2609; x_wconf 89' lang='lat' dir='ltr'><strong>ad</strong></span> 
     </span>
     <span class='ocr_line' id='line_1_23' title="bbox 218 2643 1311 2722; baseline 0.002 -13"><span class='ocrx_word' id='word_1_144' title='bbox 218 2643 296 2722; x_wconf 92' lang='grc'><strong>8118,</strong></span> <span class='ocrx_word' id='word_1_145' title='bbox 311 2649 378 2711; x_wconf 89' lang='lat' dir='ltr'><strong>tam</strong></span> <span class='ocrx_word' id='word_1_146' title='bbox 393 2644 505 2711; x_wconf 89' lang='lat' dir='ltr'><strong>multis</strong></span> <span class='ocrx_word' id='word_1_147' title='bbox 518 2643 679 2711; x_wconf 85' lang='lat' dir='ltr'><strong>enarratis</strong></span> <span class='ocrx_word' id='word_1_148' title='bbox 693 2662 715 2709; x_wconf 89' lang='grc'><strong>8</strong></span> <span class='ocrx_word' id='word_1_149' title='bbox 729 2643 899 2720; x_wconf 83' lang='lat' dir='ltr'><strong>Fabricio,</strong></span> <span class='ocrx_word' id='word_1_150' title='bbox 917 2643 1084 2720; x_wconf 85' lang='lat' dir='ltr'><strong>Harlesio,</strong></span> <span class='ocrx_word' id='word_1_151' title='bbox 1096 2644 1195 2710; x_wconf 86' lang='lat' dir='ltr'><strong>Anna</strong></span> <span class='ocrx_word' id='word_1_152' title='bbox 1211 2646 1311 2713; x_wconf 83' lang='lat' dir='ltr'><strong>Fabri</strong></span> 
     </span>
     <span class='ocr_line' id='line_1_24' title="bbox 218 2744 1310 2825; baseline 0.005 -16"><span class='ocrx_word' id='word_1_153' title='bbox 218 2744 301 2822; x_wconf 86' lang='lat' dir='ltr'><strong>filia,</strong></span> <span class='ocrx_word' id='word_1_154' title='bbox 312 2753 349 2811; x_wconf 86' lang='grc'><strong>81</strong></span> <span class='ocrx_word' id='word_1_155' title='bbox 364 2747 452 2825; x_wconf 88' lang='lat' dir='ltr'><strong>aliis,</strong></span> <span class='ocrx_word' id='word_1_156' title='bbox 470 2746 550 2815; x_wconf 88' lang='lat' dir='ltr'><strong>nihil</strong></span> <span class='ocrx_word' id='word_1_157' title='bbox 570 2745 648 2810; x_wconf 88' lang='lat' dir='ltr'><strong>novi</strong></span> <span class='ocrx_word' id='word_1_158' title='bbox 672 2753 785 2809; x_wconf 88' lang='lat' dir='ltr'><strong>manet</strong></span> <span class='ocrx_word' id='word_1_159' title='bbox 805 2746 858 2811; x_wconf 86' lang='lat' dir='ltr'><strong>bic</strong></span> <span class='ocrx_word' id='word_1_160' title='bbox 876 2746 981 2810; x_wconf 88' lang='grc'><strong>18818</strong></span> <span class='ocrx_word' id='word_1_161' title='bbox 1007 2748 1104 2813; x_wconf 92' lang='lat' dir='ltr'><strong>nobis</strong></span> <span class='ocrx_word' id='word_1_162' title='bbox 1129 2749 1310 2815; x_wconf 80' lang='lat' dir='ltr'><strong>observan-</strong></span> 
     </span>
     <span class='ocr_line' id='line_1_25' title="bbox 219 2844 1308 2934; baseline 0.01 -28"><span class='ocrx_word' id='word_1_163' title='bbox 219 2844 315 2911; x_wconf 86' lang='lat' dir='ltr'><strong>dum:</strong></span> <span class='ocrx_word' id='word_1_164' title='bbox 338 2854 373 2912; x_wconf 90' lang='grc'><strong>81</strong></span> <span class='ocrx_word' id='word_1_165' title='bbox 390 2847 501 2912; x_wconf 82' lang='lat' dir='ltr'><strong>forsan</strong></span> <span class='ocrx_word' id='word_1_166' title='bbox 515 2848 633 2914; x_wconf 89' lang='lat' dir='ltr'><strong>lectori</strong></span> <span class='ocrx_word' id='word_1_167' title='bbox 648 2868 759 2934; x_wconf 78' lang='lat' dir='ltr'><strong>operm</strong></span> <span class='ocrx_word' id='word_1_168' title='bbox 783 2849 923 2931; x_wconf 86' lang='lat' dir='ltr'><strong>pretinm</strong></span> <span class='ocrx_word' id='word_1_169' title='bbox 938 2850 1001 2914; x_wconf 88' lang='lat' dir='ltr'><strong>erit</strong></span> <span class='ocrx_word' id='word_1_170' title='bbox 1014 2851 1091 2917; x_wconf 90' lang='grc'><strong>1888</strong></span> <span class='ocrx_word' id='word_1_171' title='bbox 1105 2851 1259 2934; x_wconf 66' lang='lat' dir='ltr'><strong>quadam</strong></span> <span class='ocrx_word' id='word_1_172' title='bbox 1275 2852 1308 2917; x_wconf 91' lang='lat' dir='ltr'><strong>iu</strong></span> 
     </span>
    </p>
   </div>
   <div class='ocr_carea' id='block_1_3' title="bbox 218 2949 1346 3140">
    <p class='ocr_par' dir='ltr' id='par_1_8' title="bbox 218 2949 1346 3140">
     <span class='ocr_line' id='line_1_26' title="bbox 218 2949 1309 3039; baseline 0.009 -30"><span class='ocrx_word' id='word_1_173' title='bbox 218 2949 438 3030; x_wconf 85' lang='lat' dir='ltr'><strong>sequentibus</strong></span> <span class='ocrx_word' id='word_1_174' title='bbox 457 2953 648 3021; x_wconf 80' lang='lat' dir='ltr'><strong>consulere:</strong></span> <span class='ocrx_word' id='word_1_175' title='bbox 672 2971 803 3036; x_wconf 85' lang='lat' dir='ltr'><strong>nempe,</strong></span> <span class='ocrx_word' id='word_1_176' title='bbox 818 2952 950 3018; x_wconf 88' lang='lat' dir='ltr'><strong>Molleri</strong></span> <span class='ocrx_word' id='word_1_177' title='bbox 966 2952 1158 3039; x_wconf 84' lang='lat' dir='ltr'><strong>Disputatio</strong></span> <span class='ocrx_word' id='word_1_178' title='bbox 1178 2954 1220 3018; x_wconf 88' lang='lat' dir='ltr'><strong>de</strong></span> <span class='ocrx_word' id='word_1_179' title='bbox 1238 2953 1309 3021; x_wconf 86' lang='lat' dir='ltr'><strong>An-</strong></span> 
     </span>
     <span class='ocr_line' id='line_1_27' title="bbox 218 3045 1346 3140; baseline 0.013 -33"><span class='ocrx_word' id='word_1_180' title='bbox 218 3045 299 3110; x_wconf 73' lang='grc'><strong>18118</strong></span> <span class='ocrx_word' id='word_1_181' title='bbox 314 3048 461 3128; x_wconf 84' lang='lat' dir='ltr'><strong>Victore,</strong></span> <span class='ocrx_word' id='word_1_182' title='bbox 474 3050 809 3124; x_wconf 70' lang='grc'><strong>1111118111808888.</strong></span> <span class='ocrx_word' id='word_1_183' title='bbox 853 3053 949 3136; x_wconf 84' lang='lat' dir='ltr'><strong>Pope</strong></span> <span class='ocrx_word' id='word_1_184' title='bbox 966 3053 1094 3118; x_wconf 90' lang='lat' dir='ltr'><strong>Blouut</strong></span> <span class='ocrx_word' id='word_1_185' title='bbox 1106 3073 1141 3137; x_wconf 87' lang='lat' dir='ltr'><strong>p.</strong></span> <span class='ocrx_word' id='word_1_186' title='bbox 1151 3054 1309 3121; x_wconf 74' lang='grc'><strong>278770.</strong></span> <span class='ocrx_word' id='word_1_187' title='bbox 1338 3118 1346 3140; x_wconf 66' lang='grc'><strong>,</strong></span> 
     </span>
    </p>
   </div>
   <div class='ocr_carea' id='block_1_4' title="bbox 216 3144 1309 3748">
    <p class='ocr_par' dir='ltr' id='par_1_9' title="bbox 216 3144 1309 3748">
     <span class='ocr_line' id='line_1_28' title="bbox 218 3144 1309 3240; baseline 0.013 -31"><span class='ocrx_word' id='word_1_188' title='bbox 218 3144 325 3211; x_wconf 74' lang='lat' dir='ltr'><strong>Catal-</strong></span> <span class='ocrx_word' id='word_1_189' title='bbox 339 3150 430 3215; x_wconf 92' lang='lat' dir='ltr'><strong>Bibl.</strong></span> <span class='ocrx_word' id='word_1_190' title='bbox 444 3153 576 3219; x_wconf 87' lang='lat' dir='ltr'><strong>Bnuav.</strong></span> <span class='ocrx_word' id='word_1_191' title='bbox 591 3155 660 3227; x_wconf 84' lang='lat' dir='ltr'><strong>vol.¹</strong></span> <span class='ocrx_word' id='word_1_192' title='bbox 671 3174 697 3222; x_wconf 86' lang='lat' dir='ltr'><strong>r.</strong></span> <span class='ocrx_word' id='word_1_193' title='bbox 712 3177 745 3240; x_wconf 86' lang='lat' dir='ltr'><strong>p.</strong></span> <span class='ocrx_word' id='word_1_194' title='bbox 759 3156 835 3221; x_wconf 76' lang='lat'><strong>397.</strong></span> <span class='ocrx_word' id='word_1_195' title='bbox 848 3165 884 3219; x_wconf 92' lang='lat' dir='ltr'><strong>et</strong></span> <span class='ocrx_word' id='word_1_196' title='bbox 899 3155 967 3219; x_wconf 88' lang='lat' dir='ltr'><strong>vol.</strong></span> <span class='ocrx_word' id='word_1_197' title='bbox 984 3172 1025 3218; x_wconf 85' lang='grc' dir='ltr'><strong>ιι.</strong></span> <span class='ocrx_word' id='word_1_198' title='bbox 1042 3174 1074 3238; x_wconf 90' lang='lat' dir='ltr'><strong>p.</strong></span> <span class='ocrx_word' id='word_1_199' title='bbox 1090 3154 1184 3219; x_wconf 83' lang='grc'><strong>1075.</strong></span> <span class='ocrx_word' id='word_1_200' title='bbox 1202 3154 1309 3223; x_wconf 87' lang='lat' dir='ltr'><strong>Ham·</strong></span> 
     </span>
     <span class='ocr_line' id='line_1_29' title="bbox 219 3242 1308 3338; baseline 0.008 -24"><span class='ocrx_word' id='word_1_201' title='bbox 219 3251 348 3331; x_wconf 87' lang='lat' dir='ltr'><strong>berger.</strong></span> <span class='ocrx_word' id='word_1_202' title='bbox 363 3251 405 3315; x_wconf 95' lang='grc' dir='ltr'><strong>Ρ.</strong></span> <span class='ocrx_word' id='word_1_203' title='bbox 423 3270 463 3316; x_wconf 84' lang='lat' dir='ltr'><strong>rr.</strong></span> <span class='ocrx_word' id='word_1_204' title='bbox 480 3276 512 3338; x_wconf 90' lang='lat' dir='ltr'><strong>p.</strong></span> <span class='ocrx_word' id='word_1_205' title='bbox 528 3255 621 3329; x_wconf 79' lang='lat'><strong>812.;</strong></span> <span class='ocrx_word' id='word_1_206' title='bbox 643 3257 777 3323; x_wconf 84' lang='lat' dir='ltr'><strong>Criticae</strong></span> <span class='ocrx_word' id='word_1_207' title='bbox 798 3242 1045 3325; x_wconf 78' lang='lat' dir='ltr'><strong>observationes</strong></span> <span class='ocrx_word' id='word_1_208' title='bbox 1062 3258 1101 3319; x_wconf 91' lang='lat' dir='ltr'><strong>-in</strong></span> <span class='ocrx_word' id='word_1_209' title='bbox 1126 3257 1308 3323; x_wconf 90' lang='lat' dir='ltr'><strong>editionem</strong></span> 
     </span>
     <span class='ocr_line' id='line_1_30' title="bbox 217 3350 1306 3437; baseline 0.006 -21"><span class='ocrx_word' id='word_1_210' title='bbox 217 3350 476 3418; x_wconf 82' lang='lat' dir='ltr'><strong>Amtzeuinnem</strong></span> <span class='ocrx_word' id='word_1_211' title='bbox 492 3375 513 3419; x_wconf 89' lang='lat' dir='ltr'><strong>a</strong></span> <span class='ocrx_word' id='word_1_212' title='bbox 527 3355 551 3421; x_wconf 87' lang='lat' dir='ltr'>J</span> <span class='ocrx_word' id='word_1_213' title='bbox 552 3376 584 3421; x_wconf 92' lang='lat' dir='ltr'><strong>o.</strong></span> <span class='ocrx_word' id='word_1_214' title='bbox 602 3356 723 3423; x_wconf 77' lang='lat' dir='ltr'><strong>Mettb.</strong></span> <span class='ocrx_word' id='word_1_215' title='bbox 737 3357 901 3434; x_wconf 80' lang='lat' dir='ltr'><strong>Gesnero,</strong></span> <span class='ocrx_word' id='word_1_216' title='bbox 917 3359 951 3422; x_wconf 92' lang='lat' dir='ltr'><strong>in</strong></span> <span class='ocrx_word' id='word_1_217' title='bbox 974 3355 1069 3421; x_wconf 86' lang='lat' dir='ltr'><strong>Actis</strong></span> <span class='ocrx_word' id='word_1_218' title='bbox 1085 3356 1306 3437; x_wconf 87' lang='lat' dir='ltr'><strong>Eruditornm,</strong></span> 
     </span>
     <span class='ocr_line' id='line_1_31' title="bbox 216 3453 1309 3543; baseline 0.007 -24"><span class='ocrx_word' id='word_1_219' title='bbox 216 3453 499 3541; x_wconf 62' lang='grc'><strong>18178881.</strong></span> <span class='ocrx_word' id='word_1_220' title='bbox 529 3457 626 3523; x_wconf 84' lang='lat' dir='ltr'><strong>Saxii</strong></span> <span class='ocrx_word' id='word_1_221' title='bbox 641 3457 813 3529; x_wconf 87' lang='lat' dir='ltr'><strong>Onomast.</strong></span> <span class='ocrx_word' id='word_1_222' title='bbox 838 3466 920 3543; x_wconf 86' lang='lat' dir='ltr'><strong>part.</strong></span> <span class='ocrx_word' id='word_1_223' title='bbox 944 3477 967 3521; x_wconf 88' lang='lat'><strong>1·</strong></span> <span class='ocrx_word' id='word_1_224' title='bbox 989 3479 1024 3543; x_wconf 92' lang='lat' dir='ltr'><strong>p.</strong></span> <span class='ocrx_word' id='word_1_225' title='bbox 1044 3460 1120 3524; x_wconf 83' lang='grc'><strong>410.</strong></span> <span class='ocrx_word' id='word_1_226' title='bbox 1146 3458 1309 3527; x_wconf 85' lang='lat' dir='ltr'><strong>Gibbou’s</strong></span> 
     </span>
     <span class='ocr_line' id='line_1_32' title="bbox 218 3557 1306 3646; baseline 0.006 -24"><span class='ocrx_word' id='word_1_227' title='bbox 218 3557 357 3624; x_wconf 83' lang='lat' dir='ltr'><strong>Decliue</strong></span> <span class='ocrx_word' id='word_1_228' title='bbox 372 3560 438 3625; x_wconf 88' lang='lat' dir='ltr'><strong>and</strong></span> <span class='ocrx_word' id='word_1_229' title='bbox 449 3560 525 3626; x_wconf 90' lang='lat' dir='ltr'><strong>Fall</strong></span> <span class='ocrx_word' id='word_1_230' title='bbox 539 3561 578 3625; x_wconf 83' lang='lat' dir='ltr'><strong>ol</strong></span> <span class='ocrx_word' id='word_1_231' title='bbox 595 3560 649 3626; x_wconf 86' lang='lat' dir='ltr'><strong>the</strong></span> <span class='ocrx_word' id='word_1_232' title='bbox 665 3561 799 3627; x_wconf 85' lang='lat' dir='ltr'><strong>Reman</strong></span> <span class='ocrx_word' id='word_1_233' title='bbox 816 3561 973 3646; x_wconf 87' lang='lat' dir='ltr'><strong>Empire;</strong></span> <span class='ocrx_word' id='word_1_234' title='bbox 989 3581 1065 3643; x_wconf 85' lang='lat' dir='ltr'><strong>cum</strong></span> <span class='ocrx_word' id='word_1_235' title='bbox 1080 3561 1194 3627; x_wconf 89' lang='lat' dir='ltr'><strong>multis</strong></span> <span class='ocrx_word' id='word_1_236' title='bbox 1217 3561 1306 3642; x_wconf 84' lang='lat' dir='ltr'><strong>aliis,</strong></span> 
     </span>
     <span class='ocr_line' id='line_1_33' title="bbox 216 3661 1264 3748; baseline 0.005 -24"><span class='ocrx_word' id='word_1_237' title='bbox 216 3661 273 3744; x_wconf 88' lang='lat' dir='ltr'><strong>qni</strong></span> <span class='ocrx_word' id='word_1_238' title='bbox 290 3661 331 3726; x_wconf 95' lang='lat' dir='ltr'><strong>de</strong></span> <span class='ocrx_word' id='word_1_239' title='bbox 346 3661 510 3728; x_wconf 87' lang='lat' dir='ltr'><strong>Romanis</strong></span> <span class='ocrx_word' id='word_1_240' title='bbox 527 3662 791 3748; x_wconf 84' lang='lat' dir='ltr'><strong>Imperatoribus</strong></span> <span class='ocrx_word' id='word_1_241' title='bbox 807 3676 843 3730; x_wconf 90' lang='lat' dir='ltr'><strong>et</strong></span> <span class='ocrx_word' id='word_1_242' title='bbox 859 3664 1011 3730; x_wconf 86' lang='lat' dir='ltr'><strong>Historia</strong></span> <span class='ocrx_word' id='word_1_243' title='bbox 1028 3671 1264 3731; x_wconf 85' lang='lat' dir='ltr'><strong>tractaverunt.</strong></span> 
     </span>
    </p>
   </div>
   <div class='ocr_carea' id='block_1_5' title="bbox 0 0 1542 5040">
    <p class='ocr_par' dir='ltr' id='par_1_10' title="bbox 0 0 1542 5040">
     <span class='ocr_line' id='line_1_34' title="bbox 0 0 1542 5040; baseline 0 0"><span class='ocrx_word' id='word_1_244' title='bbox 0 0 1542 5040; x_wconf 95' lang='lat' dir='ltr'><strong> </strong></span> 
     </span>
    </p>
   </div>
  </div>
 </body>
</html>
