3074 5040
434 388 576 439 sunus.
594 388 691 435 vicu.
710 385 916 448 urrunnun,
943 363 1036 436 oses
1050 386 1074 434 ι.
1246 367 1311 434 763

220 534 328 584 teutism
346 530 414 594 epod
430 530 592 582 Macrobium
608 530 700 579 Cicero
714 528 747 579 de
785 530 864 584 ciere,
876 526 943 592 quod
956 534 983 578 et
995 528 1020 577 iu
1035 528 1151 593 sequenti
1163 542 1225 577 soce
1242 527 1310 578 ecci·

220 610 321 674 Repub.
340 609 385 660 lib.
398 622 438 659 ur.
456 615 462 636 ¹
476 611 628 671 stannsm
645 607 748 669 sepien·
784 606 833 667 dit,
846 607 887 655 ubi
903 606 925 654 si
937 605 971 654 eb
982 619 1013 654 eo
1024 605 1075 654 Ms.
1087 604 1244 666 discesseris,
1256 617 1310 653 esss-

166 690 168 693 ’
219 688 288 738 tibus
299 687 458 737 conscientie
470 687 525 749 ipse
536 684 663 734 fectoruns
674 697 748 747 egre·
784 700 829 734 nes
841 686 904 735 Mes.
916 692 943 734 et
954 685 1028 734 editt.
1040 685 1109 748 justu
1120 684 1311 747 conspiratione

219 765 318 828 giorum
336 752 517 826 smplissin'sum
530 763 634 811 virtutis
647 761 747 823 praemi·
783 764 888 822 incursu,
899 763 967 829 quod
979 764 1070 812 merito
1081 763 1200 826 plucebst
1212 763 1310 819 Curtio.

219 856 261 890 uns
273 850 327 903 est;
345 850 430 890 temen
443 841 487 888 illu
499 840 585 887 dirius
597 840 679 887 virtus
696 852 746 886 non
786 841 828 902 qni
841 839 957 902 promisit
969 840 1045 888 letius
1056 854 1084 889 se
1096 839 1161 889 usuc
1172 840 1309 889 lectionem

219 923 317 966 stetssus
337 917 441 979 plumbo
458 915 621 971 inherentes,
636 928 685 963 nec
703 914 747 962 tsi·
784 915 948 965 defensurum
965 925 993 966 et
1005 915 1180 978 probaturum,
1191 929 1265 978 quem
1281 914 1312 963 li·

219 992 327 1054 unsplsos
336 993 512 1041 crescentibus
522 992 628 1052 lsureis;
640 992 686 1040 sed
695 999 747 1039 ste·
785 989 858 1040 brnns
870 993 944 1041 eride
956 992 1111 1053 expetimus,
1122 989 1154 1039 ed
1167 990 1310 1039 Lucensis.

218 1069 310 1118 biliors
323 1069 440 1132 quedem
456 1076 482 1116 et
496 1067 617 1116 viridiore
629 1066 746 1130 premio·
785 1071 842 1116 tttt.
862 1065 1043 1128 ‘Confringite
1062 1066 1114 1113 tels
1134 1065 1254 1114 Pectoris
1272 1066 1311 1114 in·

219 1159 276 1195 rssm
294 1159 387 1210 genens
407 1143 556 1193 desideret!
595 1145 685 1192 Eidem
702 1143 747 1192 lib.
784 1143 878 1194 cursss.'
921 1143 1038 1198 Interim,
1061 1142 1121 1191 dnm
1142 1142 1246 1190 meliore
1266 1156 1311 1191 es·

219 1235 249 1270 ιι.
260 1220 292 1269 ed
305 1221 387 1271 Attio.
405 1222 488 1271 ‘Ceto
500 1235 547 1283 pro
559 1229 661 1268 centnm
674 1220 746 1269 usilli·
784 1228 939 1283 spectemus,
960 1218 1083 1281 optimam
1104 1216 1243 1265 lectionem
1265 1217 1310 1266 de·

219 1297 267 1346 bne
278 1297 337 1358 est,’
349 1297 391 1362 qni
403 1312 504 1346 esserum
516 1296 696 1359 triumphantis
706 1309 746 1344 se·
783 1295 867 1345 tendit
883 1298 979 1345 Sensus
993 1295 1026 1342 de
1038 1295 1127 1344 const.
1140 1293 1203 1356 Sep.
1215 1308 1272 1356 cup.
1284 1299 1309 1343 3.

218 1374 373 1438 qnebsntur.
390 1373 483 1422 Sciott.
783 1374 859 1422 ‘Nec
877 1372 959 1422 securi
981 1370 1094 1431 edemus,
1114 1385 1162 1419 nec
1184 1369 1250 1418 credi
1268 1370 1309 1419 sel

250 1452 309 1513 §tt
321 1449 443 1512 Quidquid
452 1450 569 1497 commodo
576 1445 683 1509 geritur]
697 1449 745 1497 Ge·
783 1449 866 1499 deteri
886 1456 981 1510 potest,
1000 1446 1044 1496 sed
1065 1441 1222 1496 incurrentis
1241 1448 1310 1496 ultro

217 1531 310 1575 reretnr
321 1540 377 1574 enm
390 1525 466 1574 editis
482 1539 571 1573 omnes
585 1524 686 1587 scripti,
698 1523 745 1572 nisi
783 1524 917 1582 retundit,'
933 1524 966 1572 de
982 1523 1046 1572 Vits
1060 1523 1137 1571 Best.·
1147 1536 1170 1571 c.
1182 1526 1223 1570 27.
1239 1523 1310 1585 Αρι·

217 1599 286 1666 qnod
297 1617 331 1652 ex
340 1604 395 1652 solo
410 1601 483 1651 Leid.
493 1606 517 1651 2.
530 1602 598 1650 uutls
611 1609 700 1650 notutu
711 1600 746 1650 sit
784 1603 848 1653 leius
862 1603 910 1652 sub
922 1602 998 1651 linens
1011 1600 1055 1650 ttb.
1066 1614 1118 1649 νιι.
1135 1600 1242 1662 ‘ipsum
1254 1599 1312 1662 qui··
1354 1660 1355 1665 ¹

217 1679 364 1734 diversitas.
383 1680 426 1743 qni
446 1686 530 1727 tumen
549 1691 607 1726 cusu
625 1677 681 1725 eliis
699 1691 745 1739 pro
783 1674 1312 1743 demraepeincnrssrecatcibnrpoissins:
1355 1669 1358 1678 ¹

217 1755 364 1812 emolemessts'
373 1770 464 1815 cumen,
475 1755 623 1817 reponisspe
631 1767 664 1801 ex
672 1751 745 1802 Suet.
783 1756 841 1807 Quo
854 1764 931 1817 pscto
943 1755 1052 1803 Plautus
1063 1754 1137 1802 Pseu.
1149 1765 1187 1799 ιν.
1198 1756 1220 1800 l.
1229 1756 1251 1802 3.
1268 1751 1310 1800 ‘is

218 1832 372 1898 succes.
389 1833 557 1895 Symmachus
571 1831 655 1895 Epist.
667 1845 693 1879 x·
705 1835 746 1880 ot.
782 1846 824 1881 nse
846 1838 931 1880 eutem
951 1844 1027 1893 porro
1046 1827 1177 1889 verberet,
1197 1828 1311 1877 incurset

217 1910 377 1972 ‘Sperssnns
399 1909 599 1957 emolumentum
625 1914 744 1970 tsuqusm
784 1909 887 1972 pugnis,
899 1905 1029 1956 culcibus?
1055 1905 1310 1955 aedessenum.

218 1985 350 2048 populeris
362 1981 477 2044 ignorit?
493 1983 579 2032 Arois.
783 1994 811 2034 et
827 1985 899 2034 Asin.
909 1998 930 2033 ι.
942 1988 964 2031 l.
973 1988 1015 2033 21.
1027 1983 1149 2033 Burmru.
1160 1982 1192 2031 sd
1206 1984 1309 2033 Posses.

251 2060 331 2109 Homo
346 2075 416 2109 cereo
431 2060 590 2124 piscantibus]
607 2059 684 2108 ‘Reti
701 2074 745 2108 ιιι-
785 2060 848 2110 Feb.
869 2073 899 2109 ιι.
917 2064 942 2109 7.
959 2064 984 2109 8.
1003 2059 1119 2109 Mertisl.
1137 2060 1226 2123 Epigr.
1245 2074 1265 2109 ι.
1282 2066 1307 2112 9.

218 2147 284 2194 ιιιο,
297 2152 410 2202 purpure
421 2151 550 2201 coccoque
562 2136 664 2186 funibus
674 2137 746 2186 nexis
781 2136 913 2186 ‘Pectore
929 2150 978 2184 nec
996 2135 1064 2186 nndo
1081 2137 1186 2185 strictos
1203 2138 1310 2187 incurris

218 2216 343 2283 pisostum
365 2215 512 2264 Neronem'
530 2224 620 2264 suctos
639 2215 745 2266 Sueton.
783 2212 808 2261 in
827 2212 922 2262 enses.'
962 2212 1088 2265 osstnctit.
1109 2225 1149 2261 rx.
1170 2216 1308 2275 l.p.idl.

218 2293 285 2343 Ner.
295 2307 317 2342 c.
330 2296 369 2341 so.
387 2302 413 2342 et
432 2292 538 2342 Orosius
551 2305 600 2341 ιιι.
610 2297 634 2342 t.
651 2292 744 2342 Eutro·
782 2290 835 2339 ‘lu
854 2290 935 2338 lsters
952 2298 1031 2354 etque
1046 2289 1071 2338 in
1089 2297 1162 2351 terge
1177 2290 1309 2342 incurrere

217 2369 276 2433 pius
294 2382 355 2417 vero
374 2369 418 2417 lib.
438 2381 488 2417 vis.
507 2367 636 2416 ‘blatteus
653 2365 747 2417 funes'
782 2364 885 2416 detnre’
902 2365 947 2415 nbi
958 2366 1022 2415 susle
1034 2367 1200 2416 sliiisscsrtere.
1229 2367 1308 2432 Apul.

218 2447 379 2512 socet.quod
393 2445 427 2493 illi
439 2459 574 2508 purpureos.
592 2444 693 2494 Schntt.
783 2443 849 2491 Met.
869 2455 931 2491 vrrs.
951 2457 1010 2506 pag.
1030 2447 1086 2492 214.
1103 2443 1308 2509 ‘Nonnuuqnsur

250 2523 264 2586 §
282 2526 313 2571 lt
332 2523 363 2571 Ei
380 2525 510 2584 propretor
521 2520 606 2584 cesse]
627 2521 708 2569 Cusus
719 2535 745 2569 s·
783 2518 907 2568 morsibus
920 2533 978 2569 snos
990 2520 1152 2569 incurrentes
1163 2522 1309 2572 musculos.'

215 2597 265 2648 fuit
280 2614 295 2647 ι
306 2599 369 2647 Μιι.
387 2599 470 2647 ‘'l'res
483 2599 596 2662 legiones
609 2613 667 2647 cuns
678 2597 744 2648 duee
783 2595 939 2645 ‘incursus'
954 2596 1021 2645 enisu
1038 2605 1064 2645 et
1077 2603 1084 2626 ⁴
1095 2596 1225 2648 incurrere
1235 2596 1242 2619 '
1253 2613 1269 2648 a
1280 2613 1308 2648 re

217 2675 358 2726 Quinctilio
373 2675 451 2737 Vero,
466 2675 618 2739 legetisque,
629 2680 657 2724 et
673 2676 745 2724 suxi·
782 2673 884 2722 militsri
895 2674 926 2722 ed
937 2674 1035 2738 queris
1046 2673 1098 2723 slis
1107 2673 1307 2733 transferuutur,

216 2752 256 2801 liis
276 2752 391 2801 omnibus
410 2750 503 2801 cese!
535 2752 700 2817 'l’rsuquillns
718 2766 743 2803 c.
781 2749 841 2798 hiue
860 2749 942 2798 suiuus
964 2757 1038 2799 ussto
1059 2764 1137 2798 seusu
1155 2752 1309 2801 ‘incurrere

215 2832 257 2877 22.
268 2837 296 2878 et
307 2829 412 2877 Tiberio
423 2843 447 2877 c.
460 2831 500 2878 17.
527 2828 631 2877 Tacitus
642 2829 675 2877 de
686 2829 743 2878 Mo·
781 2825 877 2875 serris'
887 2825 952 2875 dixit
963 2827 1058 2878 Jnseu.
1073 2828 1129 2876 Snt.
1143 2842 1180 2877 vs.
1193 2832 1233 2878 st.
1251 2832 1310 2879 ‘so-

216 2905 286 2954 ribns
303 2904 491 2954 Germanorum
509 2905 542 2956 Q·
558 2905 675 2968 Sulpicio
695 2906 743 2955 Cu·
780 2918 864 2953 rorem
884 2905 1028 2954 incursere’
1049 2904 1128 2969 Aput.
1149 2907 1215 2956 Met.
1233 2920 1262 2957 x.
1280 2921 1307 2971 p.

217 2983 326 3041 ruerino,
342 2981 372 3029 C.
384 2980 504 3044 Poppeio
519 2982 614 3031 Sabino
632 2983 704 3033 Coss.
720 2996 744 3031 e.
779 2986 837 3033 260.
876 2982 960 3032 Ροιιο
977 2981 1010 3030 de
1028 2982 1076 3031 lsoc
1093 2981 1186 3043 cepitis
1205 2982 1308 3032 incursu

125 3098 131 3112 ,
218 3056 244 3105 d.
257 3069 294 3104 tv.
313 3056 381 3104 Nou.
391 3056 513 3119 Sextiles,
524 3072 575 3121 qno
586 3067 614 3107 es
625 3059 743 3108 Csuneu·
780 3058 869 3108 confer
889 3060 1024 3108 Bsrthinus
1046 3049 1078 3107 nd
1096 3060 1207 3108 Statium
1225 3060 1309 3109 'tuen

217 3131 251 3179 sis
268 3130 355 3179 cludes
372 3139 489 3192 accepte.
521 3131 571 3180 Dio
586 3133 630 3181 lib.
641 3145 695 3181 svs.
714 3134 743 3182 L.
781 3149 807 3183 v.
817 3140 875 3184 642.
908 3137 970 3184 Mox
988 3135 1310 3196 ueste.cups'ltourrels'qss'e

218 3207 284 3258 Anu.
305 3207 499 3256 rtorsslibms.
530 3210 682 3259 Prterculue
700 3211 743 3260 lib.
781 3212 875 3260 omissa
894 3212 971 3270 priori
990 3213 1081 3273 copule
1101 3210 1173 3258 Leid.
1190 3215 1214 3259 2.
1255 3210 1307 3259 Sed

217 3299 249 3335 ιι.
269 3290 366 3349 prseter
383 3291 435 3330 tres
455 3283 568 3345 legiones
586 3286 744 3349 totidemque
782 3287 864 3334 nullus
882 3293 922 3334 est
938 3300 970 3334 ex
985 3287 1078 3334 nostris
1096 3287 1154 3336 cod.
1167 3288 1208 3336 cni
1226 3287 1309 3336 minus

218 3362 280 3422 slus,
304 3360 382 3408 etiarn
409 3372 455 3406 sex
477 3359 595 3410 cohortes
615 3370 743 3413 numeret.
782 3362 905 3421 tribuum,
924 3363 961 3411 ita
974 3361 1009 3410 nil
1021 3361 1076 3412 fere
1094 3372 1190 3426 preter
1207 3364 1308 3429 ineptes

217 3439 310 3489 Sciott.
781 3439 915 3487 oscitentis
931 3439 1027 3487 librarii
1040 3440 1214 3488 sberrotioues
1225 3442 1309 3490 couti·

253 3516 338 3566 Velidn
347 3513 452 3576 inesses]
469 3512 543 3562 Adeo
552 3520 743 3564 consternimur
782 3524 834 3563 net·
853 3516 958 3565 Sallust.
969 3517 995 3564 in
1005 3516 1067 3580 Jug.
1077 3519 1201 3581 secto.
1217 3517 1309 3568 ‘Pre-

217 3592 347 3651 iernnt,ut
357 3606 404 3653 per
412 3589 548 3638 continuos
556 3604 656 3638 menses
665 3590 744 3641 barbe
782 3591 1013 3657 demcsptirosqne
1023 3602 1049 3642 et
1058 3594 1249 3657 inpedimento!
1266 3597 1308 3646 Li·

217 3670 360 3732 ospilloque
377 3666 502 3715 submisso
519 3673 599 3729 ceput
616 3665 743 3718 interdum
782 3671 837 3718 rius
856 3684 955 3720 xxxvi.
969 3675 1010 3720 to.
1027 3671 1125 3721 ‘Arrun
1143 3673 1264 3738 signaque
1281 3684 1309 3726 et

217 3746 316 3795 toribus
326 3743 447 3805 illideret,
457 3739 609 3802 vociferum,
620 3742 743 3795 ‘Quintili
781 3747 864 3809 spolie
872 3749 952 3796 onsuis
962 3749 1062 3809 generis
1072 3750 1232 3801 transvexit?
1245 3764 1310 3802 xus.

217 3822 298 3884 Vere,
309 3821 387 3870 redde
404 3819 519 3882 legiones
527 3817 544 3879 ς’
562 3819 680 3882 diemque
692 3821 743 3869 cle·
783 3827 805 3872 t.
823 3830 829 3850 ⁴
841 3824 914 3873 Veris
927 3823 1026 3872 nunciis
1037 3824 1109 3874 Fnbii
1118 3825 1271 3891 Lentulique
1280 3836 1309 3879 et

218 3899 257 3947 dis
274 3898 410 3962 quotannis
433 3904 553 3945 usoestom
576 3896 694 3946 hebuerit
713 3912 744 3946 sc
782 3901 882 3950 Metelli
894 3902 1005 3951 adventu
1017 3900 1144 3951 firmorum
1156 3902 1213 3951 est.’
1245 3906 1308 3955 Sne·

217 3976 359 4039 lugubrem.
392 3973 530 4022 Suetonius
541 3986 564 4022 c.
574 3977 615 4021 23.
635 3972 744 4023 Orosius
781 3978 866 4025 tonius
883 3976 992 4027 Claudio
1007 3992 1031 4026 e.
1041 3982 1082 4027 22.
1095 3980 1108 4042 §
1121 3984 1144 4027 l.
1161 3979 1307 4032 ‘Quaedens

150 4119 151 4122 Ἴ
219 4066 257 4101 vs.
268 4057 308 4101 21.
327 4052 448 4100 Sctsottse.
479 4049 742 4100 Accidisssetiesniu·
780 4055 1306 4120 circsceremouies,cirileruqueetmili·

218 4135 357 4190 terponunt
368 4141 454 4175 omues
465 4125 528 4174 editi
540 4142 602 4190 quos
616 4127 666 4177 sidi
682 4138 743 4179 ente
781 4141 862 4181 terens
869 4147 965 4182 morem
973 4133 1105 4183 correxit!
1120 4135 1219 4185 Senecs
1229 4136 1308 4186 llere.

218 4204 361 4260 Schottum,
385 4211 412 4252 et
432 4203 532 4265 scripti,
553 4214 665 4267 excepto
688 4207 743 4256 solo
781 4210 840 4258 Fur.
857 4224 894 4259 rs.
910 4213 968 4259 oet.
985 4209 1064 4273 ‘Stet
1080 4225 1127 4260 suo
1142 4212 1234 4262 eoelssm
1250 4215 1307 4264 loeo

218 4279 291 4354 Leid.
303 4283 327 4328 2.
340 4278 372 4329 sle
388 4293 439 4345 qno
453 4279 516 4330 nihil
533 4280 616 4332 sndeo
631 4297 742 4347 psonun-
778 4283 916 4352 Tellusque
933 4293 961 4337 et
978 4285 1077 4338 etheel
1109 4287 1181 4353 Sulp.
1193 4290 1306 4341 Seuerus
