3074 5040
506 383 622 434 snxri
648 383 809 434 nunaarr
839 381 1022 433 vicaonis.
1246 369 1311 436 888

217 534 309 602 nium,
336 551 433 591 mense
457 529 548 588 Junio
576 529 749 588 mcxviii!
793 526 952 586 Dedicatio
978 537 1008 585 et
1035 523 1166 606 praelatio
1196 527 1310 588 Erasmi

216 629 325 710 scripta
337 639 382 687 est
395 627 570 705 Antverpiae
585 625 686 684 Nonis
698 622 796 683 Juniis
811 631 898 687 1517.
913 626 942 683 in
956 645 1015 703 qua
1029 626 1082 694 ait,
1095 647 1126 684 se
1139 625 1169 682 in
1182 626 1228 683 bis
1240 647 1311 688 auc-

218 728 327 786 toribus
341 724 484 805 permulta
497 724 657 783 correxisse
671 731 702 781 et
717 723 885 781 restituisse.
928 722 1057 781 Viderat
1079 733 1177 781 autem
1198 726 1310 783 nonnisi

217 819 540 902 primumcollectionis
561 819 681 879 Aldiuae
702 819 861 886 volumen:
884 818 963 895 quod
984 827 1128 878 testantur
1149 820 1213 880 haec
1233 820 1313 879 illius

216 921 326 978 verba:
349 929 357 954 ‘
371 917 448 977 cnm
462 918 539 977 hanc
548 917 708 976 editionem
717 917 782 995 jam
796 915 993 985 adomassem,
1002 916 1187 975 commodum
1205 916 1313 976 allatus

154 1090 158 1104 Ι
217 1025 262 1075 est
275 1015 443 1084 Suetonius,
457 1014 579 1096 Aldinis
596 1013 677 1093 typis
689 1033 833 1083 excusus,
853 1012 907 1072 sed
929 1013 1100 1073 emendatus
1118 1034 1208 1093 opera
1230 1013 1313 1094 Bap-

218 1114 293 1173 tistae
318 1112 450 1191 Egnatii,
471 1112 525 1172 viri
546 1110 714 1189 cumprimis
738 1118 801 1169 tum
827 1111 943 1188 integri,
967 1118 1029 1168 tum
1052 1109 1167 1169 eruditi.
1210 1111 1313 1191 Atque

100 1275 102 1277 ,
219 1211 341 1279 utinam,
356 1218 389 1269 ut
403 1210 585 1284 Suetonium,
604 1207 759 1267 Aurelium
773 1206 939 1276 Victorem,
963 1218 994 1266 et
1022 1206 1197 1289 Eutropium
1219 1208 1313 1278 dedit,

218 1308 259 1365 ita
270 1316 301 1365 et
312 1307 423 1366 AElium
439 1306 640 1387 Spartianum,
653 1315 822 1383 ceterosque
835 1304 904 1364 huic
913 1304 1068 1383 adjunctos
1078 1306 1163 1364 nobis
1174 1305 1313 1387 dedisset,

219 1404 376 1482 inquibus
398 1424 451 1462 nos
477 1401 621 1483 permulto
646 1401 843 1461 restituimus!
883 1401 945 1461 Sed
972 1403 1029 1462 bac
1056 1402 1226 1483 praefatione
1247 1407 1314 1483 jam

219 1504 328 1583 scripta
340 1512 371 1560 et
383 1521 521 1581 expressa
534 1500 623 1580 typis,
644 1498 761 1578 accepit
782 1498 946 1557 Frobeuius
963 1497 1108 1559 Codicem
1130 1499 1191 1559 Ms.
1212 1520 1229 1558 e
1251 1520 1314 1560 mo·

220 1599 346 1659 nasterio
364 1598 565 1668 Morbacensi‚
585 1605 616 1656 et
628 1596 675 1656 ed.
697 1594 818 1655 Aldinae
831 1596 956 1655 alterurn
970 1597 1118 1666 volumen,
1132 1597 1212 1676 quod
1225 1598 1316 1658 habet

221 1696 384 1776 Scriptores
398 1694 543 1754 Historiae
558 1695 704 1772 Augustae
719 1692 861 1752 Minores.
904 1691 1013 1772 Itaque
1026 1695 1063 1752 iis
1080 1694 1122 1752 usi
1137 1694 1256 1753 suntad
1270 1714 1315 1753 ra-

221 1793 302 1872 liqua
321 1791 516 1870 castiganda:
549 1792 645 1860 iniis,
674 1808 741 1867 quae
761 1791 827 1867 jam
853 1808 991 1868 expressa
1013 1800 1099 1848 erant
1121 1792 1211 1869 typis,
1243 1792 1315 1850 satis

220 1891 348 1948 habuere
375 1889 515 1948 lectiones
535 1887 632 1947 varias
655 1886 803 1964 utriusque
827 1886 894 1944 libri
916 1905 1083 1965 excerpere,
1106 1894 1138 1945 et
1162 1887 1191 1944 in
1218 1887 1315 1966 capite

220 1986 316 2065 operis
336 1985 455 2044 addere.

263 2116 302 2128 ·-
322 2081 449 2151 Aldina,
461 2089 491 2140 8.
512 2080 608 2139 Plinii
623 2080 701 2159 Epp.
723 2086 755 2137 et
774 2077 891 2156 Paneg.
915 2079 1006 2138 habet
1027 2081 1117 2140 etiam
1131 2080 1265 2141 libellum
1278 2080 1316 2142 de
1391 2090 1394 2099 '

223 2177 304 2238 Viris
318 2178 497 2238 Illustribns.

262 2283 340 2336 1521
364 2276 510 2346 Venetiis,
525 2273 641 2335 Aldina
656 2291 694 2334 11.
708 2274 839 2353 Egnatii,
853 2281 882 2334 8.
906 2272 955 2333 De
967 2273 1042 2333 Vita
1056 2283 1087 2334 et
1102 2274 1239 2335 Moribus
1252 2274 1316 2336 Im·

223 2384 386 2454 paratorum
407 2382 548 2453 excerpta
560 2393 599 2432 ex
611 2371 706 2431 Sexto
719 2371 864 2432 Aurelio:
886 2372 956 2431 item
980 2373 1116 2452 Eutropii
1138 2393 1166 2432 c.
1191 2393 1219 2432 n.
1243 2372 1315 2433 Des.

223 2473 351 2543 Erasmi,
373 2480 403 2531 et
427 2470 532 2530 Paulli
558 2470 687 2530 Diaconi
714 2469 752 2529 de
779 2469 881 2529 Gestis
904 2469 1107 2529 Romanorum
1133 2470 1200 2529 libri
1227 2487 1316 2530 xvn.

224 2569 301 2628 Cum
316 2568 466 2628 Suetonio.
510 2568 740 2647 Havercampus
752 2566 887 2626 contulit.

263 2671 344 2726 1524
363 2665 511 2737 venetiis,
522 2673 552 2725 8.
574 2664 677 2724 eadem
689 2665 826 2745 repetita,
840 2673 914 2724 teste
928 2664 1077 2725 Fabricio.

139 2808 141 2819 .
264 2771 342 2827 1527
365 2764 511 2834 Coloniae,
526 2763 578 2822 fol.
596 2761 682 2822 Sext.
701 2763 779 2822 Aur.
793 2761 911 2833 Victor,
925 2762 1096 2843 Eutropius,
1106 2771 1136 2821 et
1150 2762 1234 2823 Sext.
1250 2762 1318 2823 Ru-

224 2864 281 2931 fus,
297 2867 372 2922 inter
386 2862 508 2942 Scriptt.
521 2861 568 2922 H.
584 2862 626 2921 A.
640 2870 756 2920 comtos
770 2862 808 2920 ab
824 2861 947 2921 Erasmo
960 2883 1009 2922 an.
1023 2868 1114 2921 1518.

267 2965 345 3018 1589
365 2958 500 3027 Parisiis,
514 2965 544 3017 8.
565 2979 613 3039 ap.
625 2957 789 3017 Colinaeum
802 2960 929 3038 repetita
938 2969 982 3019 est
995 2957 1112 3019 Aldina
1125 2980 1173 3020 an.
1189 2966 1278 3019 1516.

265 3088 305 3100 -
324 3053 396 3114 ibid.
413 3061 442 3113 8.
464 3054 560 3113 Plinii
581 3054 681 3131 (Sext.
700 3055 776 3114 Aur.
801 3054 947 3126 Victoris)
967 3056 1005 3114 de
1028 3055 1110 3115 Viris
1137 3055 1318 3125 illustribus,

225 3172 291 3211 curn
314 3150 409 3209 Plinii
438 3153 518 3232 Epp.
541 3162 572 3210 et
600 3153 716 3230 Paneg.
746 3153 779 3212 it.
809 3150 952 3211 Suetonio
978 3160 1008 3209 et
1030 3150 1095 3210 lul.
1118 3152 1319 3230 Obsequente.

228 3248 320 3329 Apud
334 3247 416 3306 Rob.
431 3247 623 3326 Stephanum.

267 3352 346 3405 1530
368 3344 502 3412 Parisiis,
516 3350 545 3403 8.
578 3343 662 3402 Sext.
677 3346 753 3402 Aur.
768 3343 877 3403 Victor
899 3344 936 3402 de
956 3343 1038 3402 Vitis
1058 3342 1210 3402 Caesarum
1237 3365 1254 3403 a
1278 3342 1319 3402 D·

228 3445 367 3521 Augusto
378 3441 417 3501 ad
431 3440 628 3499 Theodosium
648 3459 749 3519 usque.
793 3439 871 3498 Cum
892 3439 1021 3499 Justino.
1042 3439 1143 3500 Paris.
1168 3460 1218 3519 ap.
1245 3439 1319 3502 Sim.

229 3541 402 3600 Colinaeum.

268 3673 308 3683 -
330 3634 468 3703 Basileae,
482 3641 511 3693 8.
533 3654 581 3713 ap.
593 3632 799 3694 Cratandrum.
842 3630 928 3692 Idem
941 3632 1067 3691 libellus.

268 3740 345 3793 1531
368 3731 505 3799 Parisiis,
523 3738 553 3792 8.
567 3751 616 3810 ap.
643 3728 718 3790 Sim.
744 3729 911 3789 Colinaeum
933 3729 1051 3790 Aldina
1074 3735 1163 3789 1516.
1186 3731 1321 3810 repetita.

229 3831 347 3890 Ibidem
360 3828 464 3889 Paulli
480 3827 608 3887 Diaconi
623 3827 704 3886 Libri
725 3843 803 3887 vm.
818 3828 855 3888 de
870 3827 973 3887 Gestis
987 3827 1078 3886 Rom.
1093 3825 1132 3886 ad
1146 3828 1322 3909 Eutropium

230 3928 334 3988 additi.

269 4031 348 4085 1588
371 4024 510 4090 Basileae,
530 4022 582 4083 fol.
609 4022 720 4082 Omnia
732 4042 821 4102 quam
836 4022 961 4082 antehac
975 4022 1193 4082 emendatiora:
1217 4022 1324 4083 Anno·

230 4124 355 4182 tationes
379 4121 451 4180 Des.
479 4121 593 4179 Erasmi
617 4131 648 4179 et
672 4120 792 4198 Egnatii
819 4122 936 4198 cognitu
964 4120 1072 4198 dignae.
1111 4121 1147 4180 C.
1164 4118 1324 4180 Suetonius

229 4217 429 4295 Tranquillus,
445 4217 526 4276 Dion
540 4217 670 4287 Cassius,
684 4216 780 4276 AElius
794 4218 980 4297 Spartianus,
1004 4217 1103 4277 Julius
1125 4215 1323 4297 Capitolinus,

231 4314 327 4374 AElius
341 4313 537 4395 Lampridius,
553 4314 710 4376 Vulcatius
724 4315 910 4388 Gallicanus,
932 4314 1099 4376 Trebellius
1112 4315 1228 4388 Pollio,
1253 4313 1323 4373 Fla-
