3074 5040
414 376 557 427 aunan.
574 377 672 426 ntor.
690 376 896 440 nrtnotrnu,
919 378 1002 427 ear.
1026 377 1107 426 xiv.
1257 361 1322 426 809

265 522 325 579 Qua
333 522 422 585 mora]
431 523 515 572 Aliter
523 528 576 573 tres
584 521 675 584 scripti
682 521 758 571 codd.
794 530 821 571 et
829 520 987 572 solummodo
997 522 1096 571 nitatur
1104 520 1257 571 anctoritate
1267 524 1321 586 pis·

232 598 292 655 Qtra
304 601 381 662 patara
397 599 505 666 jactabat
523 614 558 662 se,
576 600 636 661 qaod
657 600 758 650 instare
794 613 931 662 rarumque
940 598 1091 658 editionum,
1102 613 1159 662 quae
1170 599 1248 648 etism
1260 615 1321 650 eon·

228 675 350 738 ingenium
373 676 529 738 probavisset,
552 676 692 736 elaborasse,
718 690 756 724 ae.
794 673 1321 725 traroiuntatemcodicumbicdederant

229 752 272 802 Sic
282 763 309 803 at
325 747 501 814 Augustanus,
517 751 565 800 nisi
581 752 648 816 qttod
659 766 755 814 perstra-
786 750 905 812 jactabat,
914 767 992 815 qaam.
1024 751 1121 800 Melius
1138 765 1227 798 omnes
1239 753 1320 800 nostri

228 831 306 893 sisset,
329 844 380 879 oon
398 830 554 894 probavisset,
567 830 657 879 babuit
680 832 756 892 iunge
785 828 895 889 jactabat
905 844 938 884 se,
949 828 1019 891 quod,
1031 828 1056 876 id
1070 835 1119 886 est,
1131 842 1157 874 se
1168 827 1320 888 extollebat,

228 907 280 956 aiio
291 921 382 956 seusu:
395 917 423 956 et
432 907 585 955 Veronensis
591 909 700 969 gestabat
709 922 756 969 pro
792 905 825 953 de
836 920 863 953 se
874 904 1009 968 msgnifice
1021 903 1184 968 loquebatur,
1198 903 1320 967 patienti·

221 983 338 1043 jactabat.
365 983 425 1031 Vidi
443 983 494 1047 qni,
515 984 554 1033 Ne
571 1000 602 1033 ex
617 998 644 1031 eo
660 984 756 1032 bomani
793 996 833 1030 arn
842 997 913 1031 suam
923 990 950 1030 et
958 981 1159 1031 moderationem
1168 981 1321 1043 predicens.

226 1061 322 1120 gereris
338 1059 455 1122 pernicies
467 1061 645 1121 gravidaretur,
665 1075 755 1110 exeas·
792 1062 884 1111 Cicero
897 1062 928 1111 de
939 1062 1050 1110 Oratore
1063 1075 1094 1110 ιι.
1105 1066 1145 1110 ⁵2.
1162 1061 1218 1110 ‘Eo
1229 1062 1320 1125 magis,

226 1145 324 1186 serum.
343 1139 436 1187 Sebott.
469 1139 622 1189 Proboot'sset
636 1147 677 1188 est
693 1153 755 1203 qoo-
791 1141 813 1190 si
833 1141 1012 1190 intolerantius
1034 1155 1061 1188 re
1076 1138 1205 1203 jactans?
1227 1149 1254 1189 et
1273 1140 1319 1190 lib.

228 1227 277 1278 qua
301 1214 430 1276 scriptore
447 1215 504 1265 cod.
526 1214 615 1265 Gneif.
640 1230 686 1276 pro
703 1230 754 1280 qtto
791 1217 849 1265 eod.
861 1231 918 1279 cap.
928 1221 969 1265 58.
979 1223 986 1243 ⁴
996 1215 1074 1264 liiudi
1087 1216 1185 1270 nolunt,
1198 1215 1245 1263 nisi
1257 1217 1279 1264 si
1288 1226 1318 1266 ‘se

224 1291 368 1352 perrosisset
377 1290 448 1339 Leid.
457 1295 482 1339 2.
506 1292 559 1341 Sed
571 1307 604 1341 ea
614 1292 663 1341 iliis
676 1293 753 1342 tibra-
790 1292 857 1342 torte
862 1291 983 1356 jactant!
1000 1292 1078 1341 Orid.
1090 1292 1174 1354 Epist.
1183 1296 1319 1341 artntbl.

226 1367 321 1416 riorum
350 1367 555 1418 aberrationibus
585 1383 647 1417 rara
674 1370 753 1419 lectio
789 1369 885 1421 ‘Quod
899 1371 964 1418 bene
977 1376 1003 1418 te
1014 1369 1100 1431 jactas
1112 1377 1138 1417 et
1156 1367 1233 1417 fortia
1248 1367 1319 1417 tacta

226 1452 315 1505 posset
327 1444 454 1506 exsculpi,
470 1458 545 1508 quam
561 1443 668 1506 praefert
680 1445 752 1494 [reid.
790 1450 926 1494 recenses)
939 1445 1036 1496 Justin.
1046 1446 1177 1507 xvttt.7.§
1189 1444 1241 1492 ib.‘
1250 1444 1318 1492 Nut-

226 1523 250 1568 1.
260 1521 412 1583 perperisset.
445 1520 663 1583 Praepositionum
674 1529 753 1583 proet
790 1535 900 1585 quamne
911 1530 938 1570 te
948 1521 1004 1570 aliis
1010 1521 1113 1584 jactare
1123 1521 1230 1582 potuisti
1240 1518 1258 1567 ?'
1268 1518 1319 1569 Ca'·

223 1609 268 1656 per
289 1594 354 1644 adeo
376 1595 496 1661 frequens
519 1605 559 1644 est
578 1594 704 1656 confusio,
723 1603 753 1646 ut
789 1598 917 1647 saubanus
933 1599 964 1645 ad
983 1597 1223 1645 pessumarum.
1239 1599 1317 1644 lb.at

225 1671 280 1723 iere
311 1676 373 1724 tatia
404 1675 505 1740 jndicio
532 1676 637 1725 testaris
667 1677 752 1738 potius
793 1675 987 1725 Lambiniusad
1012 1672 1104 1722 Horat.
1124 1671 1175 1720 0d.
1195 1685 1214 1719 ι.
1232 1676 1257 1721 2.
1276 1676 1318 1720 ta.

224 1765 301 1813 quatu
323 1752 479 1800 auctoritate
508 1751 630 1799 librorum
656 1751 752 1800 discer-
789 1752 880 1802 Etbic
898 1752 1052 1799 eriteasum
1071 1763 1161 1797 rosum
1178 1762 1276 1807 seueris,
1294 1750 1315 1798 si

226 1827 310 1875 nenda
320 1830 380 1890 sint,
398 1828 473 1877 etsie
484 1828 627 1889 probavisset
642 1828 691 1876 erit
705 1842 752 1890 pro
788 1828 876 1890 legere
896 1827 1001 1875 reiimus
1020 1826 1181 1889 perperisset,·
1197 1824 1241 1873 sed
1258 1839 1316 1874 enm

220 1902 373 1963 perberisset,
384 1912 420 1958 et,
433 1911 590 1951 commutata
602 1905 689 1952 littere
701 1905 752 1953 bet
787 1905 870 1952 metito
891 1903 973 1964 tnagis
991 1903 1103 1951 arrideat
1119 1901 1275 1963 probavisset,
1291 1915 1317 1950 rs

220 1994 248 2041 p,
262 1979 413 2041 perperissit,
433 1983 456 2027 st
473 1979 612 2038 elaborasse,
623 1994 652 2028 ne
669 1994 700 2028 ee
715 1996 750 2037 eo,
788 1979 952 2027 referendum
965 1977 997 2025 ad
1006 1977 1144 2026 elaborasse.
1162 1974 1253 2024 Arutz.

223 2057 262 2118 tre.
282 2055 437 2118 peperisset,
457 2055 483 2103 id
506 2063 555 2115 ast,
572 2064 751 2121 sustentasset,
819 2055 860 2103 Ne
875 2069 905 2102 ex
920 2068 947 2102 eo
957 2055 987 2102 ad
998 2053 1095 2102 bomani
1105 2051 1201 2113 gereris
1213 2053 1315 2116 persici·

222 2131 336 2189 aluisset,
347 2146 404 2180 cum
416 2132 459 2180 iiio
470 2131 619 2194 quotidiano
629 2133 751 2183 convictu
787 2146 824 2181 ert
842 2128 1024 2194 gravidaretur]
1052 2131 1134 2182 Quasi
1158 2143 1219 2178 vero
1241 2130 1315 2181 tiberi

223 2210 302 2258 ritem
316 2209 425 2271 egisset:
437 2208 587 2258 diciturtroc
599 2208 704 2258 verbum
716 2209 751 2260 ds
787 2209 881 2258 sinaites
896 2223 953 2257 esse
970 2222 1072 2270 semper
1087 2209 1187 2256 soleant
1201 2208 1315 2269 patenti·

224 2285 385 2334 animalibus.
407 2285 660 2335 Varrodema‘tv.
672 2302 697 2350 p.
709 2292 750 2337 ab.
787 2285 842 2349 bus,
865 2293 893 2335 et
910 2301 959 2334 non
979 2286 1064 2350 potius
1081 2292 1175 2334 eontra
1193 2286 1314 2347 ereuiat3

222 2361 324 2410 ‘Pecus
348 2362 381 2411 sb
398 2377 438 2425 eo,
453 2363 520 2428 quod
540 2363 705 2427 perpaseatz’
721 2373 750 2414 et
787 2362 824 2412 nti
847 2362 985 2413 ridendum
1008 2363 1033 2411 in
1054 2362 1184 2426 Spartiani
1207 2363 1314 2412 Severo.

223 2438 349 2488 Phaedrus
362 2440 426 2489 Feb.
438 2454 481 2489 ιιι.
493 2445 517 2490 7.
530 2441 611 2489 ‘Cani
626 2450 749 2504 perpasto
789 2440 863 2488 Grttt.

222 2515 305 2563 rnacia
323 2514 459 2565 confectus
478 2517 551 2578 iupus
566 2517 646 2566 Forte
659 2531 748 2567 occur·
818 2519 860 2581 §9
877 2516 961 2565 Morbo
977 2516 1168 2580 subtermanso]
1183 2515 1214 2564 ln
1232 2516 1314 2564 Vsro·

221 2590 274 2638 rit.'
308 2592 342 2640 Et
355 2593 414 2641 iude
426 2591 581 2641 transfertur
592 2593 749 2646 abhomines
763 2647 766 2652 ,
786 2594 858 2642 nenti
870 2600 899 2642 et
911 2592 976 2642 Mss.
986 2597 1140 2642 soresmos
1154 2592 1248 2641 morbos
1266 2606 1313 2655 ap·

221 2667 319 2717 vilioris
336 2669 502 2725 conditionis,
513 2670 607 2718 nuliius
623 2669 700 2733 t‘rngi,
715 2672 748 2721 ad
786 2670 899 2732 peiiatnr
909 2677 936 2720 st
945 2672 1023 2719 datore
1034 2671 1130 2724 odeas,
1143 2684 1247 2735 proquo
1259 2670 1312 2719 rni-

221 2758 318 2794 servos.
352 2747 446 2796 Cicero
466 2761 512 2809 pro
535 2747 632 2797 Milone
649 2763 706 2810 cap.
723 2754 747 2799 2.
785 2749 921 2810 goarderts.
944 2748 1042 2796 Rursus
1053 2747 1166 2796 remittes
1179 2747 1313 2809 proorrai·

220 2819 309 2873 ‘Quos
324 2823 356 2871 P.
374 2823 457 2873 Ciudii
476 2822 546 2873 frtror
564 2823 659 2887 rapinis
672 2831 699 2874 et
710 2824 748 2873 in·
784 2823 919 2872 tisiidem:
933 2831 962 2873 nt
972 2821 1037 2872 intra
1047 2827 1196 2885 perseam
1206 2836 1314 2872 numero

221 2896 318 2945 cendiis
339 2907 367 2946 et
391 2899 508 2948 omnibus
530 2900 615 2948 exitiis
640 2900 748 2963 publicis
785 2898 966 2948 multitudinis.
999 2898 1313 2962 Ceterumindicemdig-

221 2972 310 3036 pavit!
332 2975 496 3024 casaubonus
508 2974 540 3024 sd
552 2976 682 3038 Spartiani
694 2976 747 3027 Ha·
786 2976 896 3026 nitatem
920 2977 1090 3026 Romanorum
1108 2982 1136 3023 et
1151 2974 1313 3024 administra·

220 3047 338 3097 driauum
357 3055 432 3099 eli.
457 3053 582 3101 Horatius
598 3053 653 3102 Set.
665 3067 695 3102 ιι.
707 3057 749 3103 att.
785 3051 882 3101 tionum
902 3057 954 3100 tarn
972 3051 1086 3099 ciriiium
1103 3064 1179 3114 quarn
1197 3051 1313 3099 militari·

219 3123 309 3173 ‘Ante
322 3124 412 3175 Larem
426 3129 558 3190 proprium
575 3143 673 3189 vescor,
689 3145 746 3179 rer·
784 3141 826 3176 nm
839 3128 865 3177 in
878 3126 1031 3177 Occidentis
1049 3125 1195 3186 regionibus
1216 3124 1312 3174 Hadri·

220 3215 317 3264 nasque
337 3217 458 3264 procaces
476 3204 559 3252 Pssco
576 3204 661 3254 libetis
675 3205 747 3268 dapi·
785 3219 833 3253 ano
859 3205 1001 3264 imperante
1027 3201 1109 3250 edidit
1129 3201 1163 3250 G.
1182 3201 1312 3251 Fabricius

221 3275 287 3325 bus.'
319 3275 746 3341 L.2.ff.§i.ariErthibend.eti.
784 3280 987 3334 Chemniceusis,
1009 3291 1060 3326 uua
1091 3291 1148 3326 curn
1173 3277 1312 3339 antiquita·

220 3352 386 3418 21.ff.§uit.
402 3353 435 3403 de
451 3355 548 3403 Donat.
568 3355 636 3402 inter
647 3356 705 3404 Vir.
719 3365 747 3406 et
783 3365 839 3406 tum
872 3356 1051 3415 monumentis,
1080 3355 1193 3416 urbeque
1220 3354 1312 3405 Roma.

221 3430 349 3481 Uxorem:
369 3431 409 3480 ‘Si
422 3438 589 3490 marcuerat,
600 3431 637 3479 uti
654 3445 681 3480 se
693 3446 746 3479 mu·
783 3433 876 3484 Sebott·
909 3433 968 3483 Non
988 3433 1063 3481 rideo
1080 3447 1207 3494 caussam,
1221 3447 1268 3481 cur
1284 3434 1311 3482 in

219 3511 268 3560 iier
280 3518 409 3573 pasceret,
420 3522 529 3573 suosque
540 3507 671 3557 homines-¹
695 3509 746 3558 Sed
782 3519 931 3573 corruptam
941 3510 1077 3559 lectionem
1089 3510 1311 3570 conspirentMts.

215 3589 270 3652 jam
289 3602 317 3636 re
332 3588 476 3637 accuratius
493 3585 640 3636 examinata
660 3587 745 3637 atatim
782 3588 870 3636 ardeas
878 3587 1028 3647 retinentes,
1036 3586 1237 3648 proqnomeiins
1245 3585 1311 3634 aditi

218 3664 341 3721 scribere,
364 3663 433 3726 quod
453 3670 480 3712 et
500 3663 621 3711 schottus
639 3677 671 3711 ert
694 3663 746 3712 suis
782 3664 876 3712 ardens.
893 3663 1041 3724 Ciceropro
1052 3660 1149 3710 Miione
1161 3665 1216 3710 c-t·
1230 3662 1310 3714 ‘Quis

218 3743 327 3804 protulit
347 3740 423 3790 codd.
442 3739 595 3803 probarisset,
608 3739 746 3796 elaborasse,
784 3747 837 3789 tarn
857 3754 906 3788 non
926 3739 1039 3803 gemuit?
1058 3739 1115 3802 qttis
1128 3739 1253 3787 nonarsit
1265 3737 1310 3788 do·

219 3832 327 3881 proquo
339 3818 402 3866 editi
412 3821 436 3865 et
446 3816 585 3865 elaborasse.
612 3817 745 3865 'l'ttmssn-
782 3814 860 3866 iotei'
878 3816 911 3865 ad
923 3816 1038 3866 Atticum
1050 3815 1134 3877 Epist.
1145 3828 1175 3864 tt.
1189 3819 1227 3865 19.
1245 3815 1310 3864 ‘Ar-

219 3909 262 3944 sus
282 3896 346 3944 erit:
365 3894 432 3958 quoti
444 3900 567 3956 cognorat
585 3907 679 3943 saerata
690 3893 745 3956 ejus
782 3892 827 3942 det
850 3891 938 3942 doiors
954 3900 983 3942 et
999 3892 1037 3941 ira
1054 3901 1143 3941 noster
1154 3892 1312 3954 Pompeius:

217 3980 346 4032 naturam,
357 3972 425 4020 otnui
442 3985 503 4020 eura
520 3967 644 4027 effecisse,
657 3985 689 4018 ne
700 3985 745 4034 pa·
782 3972 864 4035 Epist.
883 3984 923 4020 tx.
933 3975 958 4020 b.
979 3977 986 3998 ¹
997 3971 1023 4020 N
1025 3985 1057 4019 on
1070 3984 1158 4033 angor,
1171 3970 1217 4019 sed
1228 3971 1309 4024 ardeo

217 4055 349 4097 ternorum
369 4048 490 4096 vitiorum
507 4046 627 4095 heredem
646 4045 745 4109 proies·
782 4049 869 4097 doiore
878 4047 894 4096 :¹
906 4054 932 4097 et
942 4048 973 4095 tis
984 4047 1089 4096 Finibus
1102 4061 1127 4096 v.
1136 4050 1176 4095 ot.
1193 4047 1238 4096 ‘is
1250 4062 1309 4100 curn

218 4133 260 4172 ret
269 4124 294 4171 in
306 4125 400 4172 iucem.
432 4124 466 4173 Et
478 4124 533 4173 bec
545 4124 596 4173 erit
612 4137 673 4173 rere
684 4138 744 4173 auc·
781 4126 886 4174 arderet
899 4124 1020 4188 podagras
1030 4123 1179 4173 tioioribtts.¹
1195 4125 1284 4174 Arate.

218 4198 283 4248 toris
305 4214 400 4255 manns,
420 4214 477 4249 cum
497 4200 541 4248 iiia
563 4200 645 4249 attera
667 4201 745 4250 lectio
812 4205 827 4268 ς
840 4207 868 4251 11
890 4203 975 4269 Officia
987 4217 1042 4252 sane
1049 4201 1174 4265 pabiitaet
1189 4202 1307 4267 poietin]

215 4275 379 4340 potatisuta
395 4277 472 4327 nnius
487 4275 553 4328 Mes.
568 4275 744 4343 confirmetur,
780 4279 1307 4346 HacsnbisctscstaubonostiSptrtiani
