3074 5040
129 326 130 329 ¹
209 351 275 417 850
490 337 491 340 ’
555 368 663 416 noun
690 366 891 417 vanionuu
916 368 957 416 ιιι

212 519 233 563 1.
251 512 319 575 rprod
335 513 486 574 amplector.
519 512 545 559 Si
563 512 739 560 euimnimr'sas
773 527 827 561 rsus
845 527 927 561 nsan
946 512 1194 562 ornumornum
1213 508 1309 574 illum3'

211 589 439 648 addaturnomiui‚
459 587 514 635 haec
532 589 583 637 duo
601 589 739 652 conjuncta
774 589 842 638 huuc
866 589 1016 637 Romanum.
1057 588 1125 638 Nam
1148 587 1302 650 :inputans

211 665 394 730 superlativum
434 665 541 727 gradum
580 667 739 727 exprimunt.
775 665 816 713 ed.
837 664 949 714 Andreas
962 665 1101 714 Cratandri
1116 671 1143 714 et
1154 663 1301 713 Sebastiani

210 742 366 805 Propertius
379 742 418 791 El.
432 755 462 792 ιι.
473 745 563 790 23.99.
580 741 622 791 ‘0
634 741 739 791 nimium
776 740 885 807 Gryphii
907 743 985 792 aliter
1008 743 1095 806 paullo
1117 743 1172 790 lsaec
1192 752 1298 790 notant:

210 827 300 867 nostro
330 817 432 868 felicem
467 826 585 880 tempore
615 815 740 866 Romam!
780 818 1302 870 Usdsmodiccdilotioneessollieiotur.dli·

211 895 365 957 Spartianus
378 894 512 943 Hadriano
525 911 548 944 c.
557 899 598 943 21.
622 896 629 922 ‘
642 893 739 943 Amili·
775 897 868 958 quoudo
878 911 958 946 secero
967 902 1085 960 precepto
1094 896 1175 945 tausis
1184 898 1214 944 de
1223 894 1303 957 usis,

210 972 282 1020 tibus
295 979 404 1034 propter
419 985 506 1020 curam
521 970 652 1019 exercitus
665 969 739 1018 nimi·
774 975 812 1023 cel
822 977 884 1037 quod
895 977 1044 1037 Augustius
1052 974 1203 1039 plsilosopiiae
1210 976 1303 1023 doctore

211 1057 251 1098 ain
264 1049 372 1098 multum
386 1049 520 1097 adamatus
533 1046 593 1096 esu'
620 1046 740 1096 Claudia·
775 1051 905 1100 didicerat:
927 1052 1105 1115 quicumipc.
1138 1051 1204 1101 011ae
1226 1051 1303 1100 lectio

210 1140 259 1176 nus
272 1125 471 1189 Cons.0lyb.et
482 1124 560 1173 Prob.
570 1126 653 1171 usati.
668 1121 740 1172 ‘Ant
776 1141 826 1175 non
838 1124 935 1175 frustra
947 1135 988 1176 est
1000 1128 1027 1175 iu
1040 1127 1122 1175 tribus
1138 1124 1225 1175 editis.
1249 1125 1302 1174 Sed

210 1203 303 1249 nimias
315 1202 402 1249 landes
414 1198 637 1264 ignorarotybrt!
649 1200 674 1247 in
686 1200 739 1248 Ru·
775 1204 818 1266 qui
837 1203 978 1252 Patariuua
999 1203 1087 1253 Livius
1108 1202 1247 1252 Theodosii
1268 1216 1304 1250 ω·

210 1275 255 1325 tiu.
266 1293 285 1326 ι.
297 1282 353 1326 166.
369 1278 552 1340 ‘Nimiumque
564 1277 649 1325 elatos
662 1289 739 1324 asaro
775 1278 872 1340 qualis?
890 1279 950 1328 Non
962 1279 1043 1341 magia
1057 1293 1133 1343 quam
1151 1277 1238 1327 Livius
1250 1276 1303 1325 Au·

209 1355 332 1403 Pascitur
351 1351 464 1402 intuitu.'
496 1353 638 1415 Eutropius
656 1364 683 1398 x.
698 1354 739 1401 16.
774 1351 897 1400 (ironicus
923 1352 1018 1416 poits:
1047 1367 1104 1402 nam
1136 1355 1180 1402 ille
1205 1352 1303 1401 Tiberii

210 1429 331 1478 ‘Nimius
341 1429 470 1491 religionis
490 1427 642 1475 Christianae
655 1426 738 1475 inaec·
775 1427 923 1489 principato
942 1428 1017 1478 obiit.
1050 1429 1177 1478 Eusebius
1197 1430 1305 1479 Chroni-

210 1503 561 1568 tatorr'quilocussicsel
579 1503 738 1550 siueemen·
775 1502 820 1550 cis.
862 1503 1030 1565 Transposita
1050 1506 1130 1567 igitur
1155 1508 1234 1553 rerba
1256 1507 1304 1554 ali-

209 1579 315 1629 datiouc
333 1580 428 1643 exponi
445 1587 541 1641 potest.
568 1579 738 1642 Symmachus
774 1577 877 1640 quando
888 1578 925 1627 sic
933 1578 1060 1627 collocare
1073 1580 1219 1628 tentabam:
1239 1596 1305 1630 sene·

98 1708 106 1726 l
209 1658 294 1719 Epist.
307 1671 333 1706 v.
343 1660 386 1706 it.
407 1665 416 1687 ‘
427 1656 490 1705 Esse
500 1656 527 1705 in
538 1655 589 1705 illis
602 1654 738 1704 seientiam
774 1667 802 1701 m
811 1653 1067 1716 prospectissime
1082 1655 1112 1702 de
1122 1654 1192 1703 Liuio
1203 1658 1303 1716 Augus-

206 1733 273 1796 juris
284 1733 404 1782 idoneam
414 1731 507 1784 nimis.'
522 1733 595 1783 Dict·
605 1732 738 1782 Cretensis
774 1734 813 1777 tua
822 1730 974 1793 philosophie
984 1733 1091 1779 doctus:
1108 1731 1149 1792 qui
1160 1746 1221 1780 cam.
1248 1733 1304 1782 Sed

210 1822 254 1858 ιιι.
266 1814 306 1859 lt.
331 1812 339 1837 ‘
351 1810 464 1860 Quarum
477 1809 621 1858 Diomeden
633 1808 738 1857 nimium
775 1807 857 1869 magis
868 1815 909 1856 est
920 1814 949 1855 ut
961 1807 1059 1871 absque
1070 1808 1124 1857 ulla
1142 1810 1306 1871 transpositi·

205 1885 296 1948 juveni
305 1892 333 1936 et
344 1888 413 1936 omui
422 1885 520 1936 affectu
529 1886 627 1936 dilecta
637 1884 741 1936 iuerat)
775 1897 824 1932 one
839 1883 1014 1946 intelligamus
1025 1883 1058 1933 de
1074 1884 1104 1933 Τ.
1114 1883 1180 1932 Livii
1193 1885 1304 1947 ptuioso-

209 1963 397 2013 Rittershnsius
418 1965 450 2014 ad
473 1965 570 2015 Guuth.
593 1965 683 2028 Ligur.
705 1963 739 2015 (le
776 1960 858 2023 pblcis
871 1960 974 2023 scriptis
983 1968 1113 2024 praecepta
1121 1961 1305 2010 hausisseTue·

208 2038 283 2090 (lest.
295 2040 566 2091 Fred.Bsrb.u.lot.
581 2041 739 2105 'Urbsopu
776 2039 901 2087 odosinm.
933 2037 1191 2102 Philosophieaenim
1203 2039 1304 2087 Livium

209 2115 384 2165 leotsnimis!
416 2119 451 2167 Et
471 2118 612 2168 Columbus
629 2118 739 2168 adisse·
777 2122 873 2178 preter
894 2115 1017 2163 historica
1037 2116 1063 2164 iu
1086 2114 1174 2164 literas
1197 2115 1304 2178 misisse,

210 2193 320 2242 rontium
332 2193 413 2242 Mort.
425 2194 530 2244 Perseo.
541 2209 566 2245 o.
578 2199 618 2244 ts.
635 2195 723 2244 Amtz.
776 2193 937 2257 posterisque
949 2191 1095 2247 tradidisse,
1111 2192 1208 2240 Seneca
1221 2191 1304 2254 philo·

240 2269 254 2332 i
269 2272 296 2318 ll
314 2260 356 2319 Ad
366 2269 540 2333 cognoscendo]
557 2271 640 2319 Favet
652 2268 740 2320 Guels.
775 2269 870 2330 sophus
878 2278 903 2316 et
916 2268 1066 2333 ipsedocot‚
1079 2269 1163 2331 Epist.
1171 2281 1195 2317 c.
1205 2276 1233 2316 et
1245 2282 1303 2318 cum

210 2355 236 2394 et
245 2344 319 2396 Leid.
330 2350 351 2394 1.
360 2361 418 2396 eum
432 2349 539 2397 uetustis
551 2346 611 2395 edd.
645 2348 683 2395 Ex
697 2348 739 2396 iis·
777 2345 815 2395 Μ.
823 2346 902 2396 Tullii
914 2357 940 2395 et
953 2347 1035 2395 Asinii
1053 2347 1176 2395 Pollionis
1193 2347 1303 2408 philoso·

210 2422 269 2472 dem
286 2422 350 2471 Mas.
366 2436 425 2470 mox
442 2420 560 2471 dedimus
579 2424 740 2485 libertatique.
778 2425 860 2487 phicis
878 2425 1036 2485 committit;
1059 2424 1174 2487 adeoque
1197 2425 1304 2473 Fabiani

213 2500 306 2550 Arata.
777 2500 875 2562 Papisii
887 2502 1042 2563 anteponit..
1065 2500 1162 2549 Locum
1177 2501 1234 2564 quia
1246 2516 1305 2551 cor·

241 2581 298 2642 §ts
316 2577 403 2627 Seuero
420 2575 551 2640 praecepto]
573 2577 669 2627 Melius
690 2578 740 2627 Cn·
778 2589 868 2642 ruptus
879 2587 928 2640 eat,
939 2587 968 2628 ut
986 2581 1122 2641 legendum
1141 2595 1244 2644 censeo,
1257 2576 1304 2644 ap-

205 2654 269 2717 jacii
292 2655 355 2703 Mss.
380 2669 460 2702 serere
486 2660 614 2717 precepta.
640 2654 740 2703 sensti.
778 2670 887 2718 ponam:
912 2657 1054 2719 ‘Scripsit‚'
1071 2658 1165 2721 inquit,
1182 2659 1304 2707 ‘etDia-

125 2755 126 2758 =
210 2731 298 2780 Seuere
309 2730 382 2779 Leid.
394 2734 418 2778 1.
434 2729 522 2779 Ama.
777 2732 858 2795 logos.
878 2746 940 2794 quoa
961 2746 1010 2779 non
1030 2733 1110 2794 magis
1135 2734 1303 2795 philosophias

238 2807 340 2871 §lad
361 2813 455 2856 utare
473 2804 581 2868 mestre]
608 2805 629 2853 Δ
651 2810 740 2856 notare
777 2820 945 2857 annumerare
968 2808 1049 2870 possis
1070 2825 1145 2872 quarn
1168 2810 1303 2863 historiae:

209 2883 274 2934 Μιι.
285 2892 312 2933 et
322 2884 490 2945 Veronensis,
506 2897 539 2932 ex
555 2880 648 2946 quibus
658 2880 687 2930 ri
700 2883 738 2931 di·
776 2890 804 2932 et
826 2897 859 2931 ex
878 2882 993 2947 professo
1012 2885 1197 2948 philosophiam
1219 2888 1303 2937 couti·

207 2961 298 3011 dicem
310 2975 435 3025 superare
449 2959 546 3009 didici:
564 2956 646 3008 furcis
658 2959 739 3022 igitur
776 2970 867 3011 nentes
886 2961 983 3010 libros!
1016 2963 1083 3012 Nam
1094 2965 1223 3027 quomodo
1242 2967 1302 3014 doc-

208 3039 337 3102 ejicistur.
368 3038 436 3087 Mihi
447 3051 508 3086 asne
526 3035 568 3084 iric
583 3034 676 3099 dignas
687 3036 740 3084 vin·
775 3040 886 3088 tissimus
908 3041 1048 3091 Pincianus
1071 3050 1165 3104 tentat,
1187 3047 1303 3094 coactior

207 3113 266 3164 (lice
279 3113 360 3164 nodns
371 3114 482 3171 sideros.
494 3113 538 3178 qui
550 3111 695 3161 manumad
708 3109 738 3160 ti·
776 3115 861 3171 lectio,
882 3130 929 3165 nec
950 3132 964 3166 a
982 3117 1045 3165 Μιι.
1063 3127 1113 3168 eat.
1147 3121 1198 3169 Sed
1216 3132 1303 3171 autem

208 3205 268 3239 uem
282 3191 433 3255 properanti
451 3189 549 3253 injicit;
566 3194 593 3237 et
609 3187 681 3251 cujus
697 3201 738 3236 so·
774 3192 848 3240 vellit
866 3193 979 3241 historiae
996 3194 1100 3257 veritas,
1106 3195 1234 3260 jubetque
1251 3212 1304 3244 rne-

209 3269 259 3317 lius
276 3283 368 3318 caussa
386 3282 438 3318 uon
456 3268 524 3316 male
542 3267 568 3314 in
587 3265 738 3329 castiganda
775 3270 879 3319 minisae
896 3272 929 3320 ab
941 3271 1110 3322 Athenodoro
1121 3274 1209 3323 Stoico
1220 3274 1301 3322 consi-

208 3345 257 3395 hac
274 3345 398 3408 Epitoms
415 3349 518 3407 tempus
541 3343 667 3406 posuisse,
689 3356 738 3391 nec
776 3349 835 3396 lium
852 3350 899 3399 hoc
912 3350 998 3399 datum
1012 3351 1140 3410 Aueusto.
1156 3349 1300 3399 auctoribus

209 3436 315 3485 operam
347 3423 372 3471 in
396 3421 497 3471 edendo
524 3421 614 3469 lusisse
640 3418 738 3468 videat·
775 3424 926 3484 Plutarcho,
944 3427 1032 3482 Soida.
1053 3427 1168 3489 dirliano,
1190 3425 1302 3486 Ζοιίιιιο,

209 3501 389 3563 ConJecruram
403 3514 556 3563 proponam,
566 3508 623 3562 post
633 3513 737 3548 eomas·
775 3500 868 3564 Glyco,
885 3504 1016 3560 liturasse,
1033 3505 1151 3562 caeteris3
1175 3515 1236 3561 orsos
1255 3515 1300 3547 es·

210 3576 352 3638 gumentin·
373 3590 423 3640 qus
445 3585 544 3639 potero,
570 3575 738 3625 confirmabo.
774 3578 889 3627 scribere
907 3581 1008 3642 longum
1026 3589 1095 3627 esset
1110 3577 1187 3640 siqui
1205 3585 1300 3625 terram

208 3651 737 3716 Floriacensiscod.qsoddu3astuauplri·
775 3655 863 3704 sidens
891 3658 949 3706 vela
976 3657 1112 3705 contrahit.
1154 3653 1299 3703 Contentus

209 3731 320 3793 lcsoplrioe
336 3729 558 3779 doctore...ilinc
575 3728 645 3780 forte
657 3731 737 3793 spati·
775 3732 854 3795 igitur
865 3734 908 3797 qui
926 3734 951 3782 iu
967 3732 1084 3781 manibus
1101 3738 1140 3779 est
1153 3744 1300 3795 pancorum,

210 3820 252 3855 om
265 3821 372 3856 vacuum
385 3806 502 3856 reliotnm
514 3805 547 3854 ab
557 3806 696 3856 insitante
708 3806 737 3854 ll·
773 3809 904 3859 tutisnum
924 3810 1096 3871 inperatorem
1114 3807 1146 3854 de
1164 3805 1302 3868 inperato-

209 3881 307 3940 brario,
319 3869 395 3948 quem
413 3883 439 3932 in
458 3896 539 3932 sacua
550 3883 666 3932 mitteret
677 3881 737 3946 (ob·
776 3885 845 3934 ribus
863 3885 1006 3947 loquentem
1023 3882 1049 3930 dr
1063 3881 1098 3942 τῷ
1113 3879 1166 3943 sepi
1178 3881 1302 3945 Καισάρων

209 3959 318 4009 literatis
332 3961 522 4019 seiromaste,
540 3959 657 4024 perfidis.
668 3972 738 4009 erro·
774 3958 840 4020 λόγῳ
851 3961 953 4007 citasse.
986 3956 1054 4006 ileic
1066 3958 1132 4005 enim
1151 3959 1189 4006 lta
1202 3959 1301 4007 induci·

210 4048 249 4089 re,
261 4035 739 4098 seldubitstioniscaussanominibus‚
775 4045 818 4085 tur
835 4033 983 4096 Augustus:
1008 4031 1134 4094 ttapicxos
1151 4034 1252 4094 lusoris
1268 4038 1303 4101 τῇ

210 4118 328 4174 utsupra
340 4114 366 4160 in
379 4112 496 4176 Augusto
509 4114 541 4162 de
557 4115 645 4164 Ovidii
659 4113 738 4175 scrip·
774 4116 905 4173 φιλοσοφιᾳ
916 4107 1035 4171 χειροήθη,
1045 4108 1107 4158 ὥστε
1121 4109 1159 4158 sal
1177 4113 1220 4168 riu
1232 4112 1300 4170 Ἀθη·

211 4189 244 4236 tis
256 4203 311 4254 cap.
326 4194 348 4238 l.
366 4191 381 4253 i
398 4195 439 4241 at.
452 4190 585 4257 adnronui)
602 4190 739 4243 dussods·
776 4190 874 4255 sotdpos
890 4185 1018 4250 πιῤῥησίαι
1034 4185 1171 4249 ἠνεσχόμην
1182 4190 1225 4238 οὐκ
1242 4191 1300 4251 ἀγα·
