3074 5040
323 321 389 388 766
605 386 608 392 ,
666 336 776 387 uorsa
800 337 1002 394 vsnronusr
1027 340 1066 388 ru

325 491 384 531 tur:
413 481 456 530 nbi
485 481 550 530 Mss.
576 481 675 530 inultm
696 495 745 530 non
772 481 851 542 inulti,
886 479 948 532 bans
973 483 1070 547 epulari
1094 482 1191 546 coepltss
1230 482 1322 533 Cicero
1338 485 1416 535 Orat.

325 560 462 622 preclare,
485 559 506 607 si
529 567 599 607 recte
621 559 798 622 interpungss,
822 566 849 608 et
887 559 963 609 Catil.
975 574 1006 608 rr.
1018 566 1042 610 6.
1059 560 1127 610 ‘Qui
1143 559 1203 608 mibi
1220 560 1374 609 accubantes
1387 561 1413 609 in

324 636 675 700 cumulastineaseonjnngas.
709 636 848 686 ilocenim
886 637 1010 685 conviviis
1031 644 1154 686 eructant
1179 636 1339 685 sermonibus
1360 639 1413 688 suis

324 712 398 762 sulti
430 712 571 762 mirandum
606 713 686 774 tnagis
720 713 848 762 bominem
886 712 1107 761 cedem'srrtz.

323 787 436 838 sobrium
465 789 565 838 libidini
593 789 724 840 addictum
756 789 847 838 tuisse.
918 791 976 851 §26
995 790 1070 846 Quasi
1081 789 1324 852 mansuetissimis]
1339 791 1413 840 Bene

322 864 383 913 Non
398 864 495 913 infitior
512 866 649 929 eleganter
663 866 715 914 dici
728 866 849 926 Horatio,
884 868 965 932 quusi:
982 867 1063 915 invito
1082 866 1148 916 enirn
1168 868 1259 916 marito
1275 867 1414 919 abductam

322 939 561 993 ‘Multiliamslinr
581 941 661 991 meri)
699 942 751 991 0d.
768 957 788 991 1.
808 945 849 992 36.
885 943 984 993 diserte
1001 944 1116 994 meminit
1127 944 1231 993 Tscitns
1244 941 1336 993 Annsl.
1349 949 1412 994 v.l.

321 1025 349 1066 et
366 1018 495 1082 Ciceroni,
515 1019 674 1084 ‘Hospitem
695 1021 769 1070 molti
797 1020 848 1070 cibi
885 1024 909 1068 6.
930 1021 1031 1069 interim
1055 1023 1133 1070 miser
1151 1021 1203 1076 ille,
1223 1021 1312 1070 malsrit
1331 1021 1414 1071 videri

322 1101 350 1142 et
367 1094 442 1156 joci.'
481 1094 531 1143 Sed
550 1096 646 1145 Noster
665 1097 716 1146 alio
735 1097 848 1160 respicit.
886 1097 1140 1162 ultroeeders‚qnsm
1161 1098 1301 1160 periclitari
1314 1099 1416 1148 solutis.

322 1169 416 1219 Sabott.
441 1170 521 1234 [Vide
534 1171 703 1235 lectt-Vsu]
725 1172 847 1222 Sedrnst·
886 1173 1058 1223 Consulsntur
1080 1174 1210 1223 discursus
1238 1176 1327 1232 nostri,
1349 1190 1412 1240 qnos

320 1250 371 1295 tam
382 1256 488 1295 tuentur
499 1249 563 1298 Mss.
581 1251 669 1299 Arsia.
885 1249 976 1299 Tacito
995 1251 1184 1300 accommodavi
1204 1251 1296 1302 Annal.
1316 1254 1358 1303 lib.
1372 1267 1412 1302 vr.

354 1323 367 1385 b
379 1326 410 1371 25
420 1321 502 1371 Somni
512 1324 632 1374 abstinens
643 1325 759 1375 ueniebat
769 1325 848 1375 iibidi·
884 1326 977 1389 cnpitis
990 1328 1064 1389 primi
1077 1328 1136 1376 line.
1155 1327 1229 1376 Grsst.

320 1397 358 1462 su‘]
376 1397 517 1462 Tranquill.
535 1415 558 1449 c.
569 1404 609 1451 78.
621 1402 680 1451 vids
693 1410 720 1451 et
733 1417 757 1451 c.
769 1407 810 1451 68.
821 1410 849 1451 et
918 1402 993 1462 Cadus
1004 1402 1093 1466 Linioe]
1112 1403 1243 1451 Csilsioia
1254 1401 1412 1453 Veronensis

319 1475 443 1541 deinceps
464 1479 550 1542 capita
568 1481 668 1545 aliquot
685 1481 717 1530 tle
734 1481 847 1531 libidinis
885 1479 943 1527 cod.
973 1478 1079 1529 Sueton.
1095 1477 1128 1528 de
1140 1479 1178 1530 bis
1190 1491 1267 1542 capp.
1278 1484 1319 1529 62.
1331 1487 1358 1529 et
1369 1484 1413 1529 66.

319 1552 442 1603 int'snria:
460 1553 489 1602 ri
510 1556 615 1616 uulgaris
631 1558 657 1605 ln
671 1558 768 1606 Veron.
783 1557 847 1607 edit.
884 1554 978 1605 Sabell.

320 1629 402 1680 afuit:
421 1638 501 1680 recte.
517 1631 609 1682 Sclsott.
642 1634 669 1682 Si
682 1649 731 1682 vox
742 1634 848 1695 autgario
915 1633 981 1694 §tt
1004 1632 1119 1680 hmusioe
1139 1631 1255 1695 οιτοίοιιο]
1280 1633 1413 1684 Familiari

319 1707 846 1772 conspicitnrinMss.exsmplsribus‚non
884 1709 1010 1770 sequioris
1037 1708 1086 1757 aeri
1115 1710 1283 1772 scriptoribus
1305 1711 1413 1759 notione

320 1791 360 1831 est
377 1781 496 1845 profecto
515 1784 721 1842 exterminsods‚
738 1787 797 1850 qnia
815 1801 846 1837 ea
883 1785 975 1842 utitor,
999 1800 1045 1846 pso
1066 1785 1169 1834 libidini.
1209 1785 1292 1835 ‘Sine
1314 1786 1412 1836 Cerere

320 1859 471 1908 destituitur
489 1859 571 1910 editio
587 1861 757 1912 Veronensis:
776 1861 845 1911 aliud
883 1861 950 1909 enirn
962 1867 989 1909 et
1001 1862 1094 1911 Libero
1106 1861 1184 1925 friget
1197 1860 1301 1910 Venus!
1326 1861 1411 1923 Supra

320 1936 387 1983 enirn
409 1943 450 1985 est
471 1938 538 1985 mals
563 1936 661 1992 audire,
689 1937 757 1987 aliud
779 1939 846 1988 snsle
884 1935 1410 1998 ‘libidiniserriisse’dixit3biciuxssrioe.

320 2010 409 2059 arsdtre
422 2013 497 2074 uulgo
508 2020 535 2061 et
547 2014 649 2075 passim.
668 2013 739 2063 Grut.
777 2014 845 2064 Som-
884 2014 1006 2077 intellige
1024 2014 1108 2077 legem
1125 2013 1220 2064 Jnliarn
1236 2015 1269 2062 ile
1282 2012 1371 2063 Adsit.
1383 2022 1412 2065 et

318 2088 355 2136 sii
370 2088 444 2139 Leid.
456 2093 481 2138 2.
497 2103 575 2137 summ
587 2088 696 2139 Leidl.
723 2090 846 2140 Seroiebat
883 2088 999 2140 Pudicit.
1026 2089 1132 2139 ‘Nullis
1149 2089 1271 2151 polluitur
1281 2098 1355 2139 casta
1365 2090 1410 2138 do·

318 2173 403 2214 autern
421 2166 563 2229 elegentes,
577 2174 604 2215 ut
620 2167 737 2216 ‘servire
756 2168 845 2230 volup·
882 2180 939 2214 snus
959 2164 1074 2229 stupris,'
1091 2165 1155 2216 Hor.
1171 2165 1214 2215 lib.
1226 2180 1264 2215 ιν.
1275 2165 1317 2217 od.
1329 2171 1354 2215 t.
1375 2167 1410 2214 E·

320 2241 426 2292 tstibns'
436 2243 504 2306 apud
517 2243 639 2293 Lactant.
648 2243 707 2293 liis.
721 2244 788 2296 lust.
799 2258 844 2294 ιιι.
883 2244 1000 2305 legenter
1010 2243 1095 2292 Tacit.
1106 2242 1173 2292 Auo.
1191 2245 1235 2292 lib.
1248 2257 1291 2293 ιιι.
1312 2242 1345 2295 de
1369 2244 1410 2294 st-

320 2323 359 2368 17.
376 2321 462 2369 Ariste.
883 2318 935 2366 lani
961 2317 1068 2367 exsilio:
1096 2319 1104 2345 ⁴
1126 2317 1285 2380 Adulteros‚'
1315 2320 1409 2384 inquit,

351 2398 420 2447 later
443 2399 563 2448 duodecim
590 2399 726 2463 emunitus]
754 2398 845 2448 Malim
883 2393 959 2442 ·srtiae
970 2395 1092 2458 etneptis
1103 2404 1185 2445 morte
1195 2410 1226 2444 ac
1238 2395 1297 2458 urps
1309 2397 1411 2458 punivit

318 2488 368 2529 sa,
387 2475 408 2522 si
426 2474 483 2524 libri
502 2473 714 2539 suffragarentur,
734 2476 845 2525 auctori·
883 2470 1032 2534 Angustus:
1054 2487 1112 2521 uam
1134 2472 1234 2534 eulpam
1256 2473 1323 2520 inter
1342 2473 1410 2521 viros

320 2556 374 2599 tate
383 2550 532 2614 Tranquilli,
540 2553 583 2616 qui
595 2557 668 2602 ott).
680 2567 778 2602 cosnarn
790 2551 845 2615 ejus
883 2561 914 2596 ac
936 2546 1044 2597 feminas
1068 2551 1196 2611 vulgatam
1219 2549 1289 2610 grati
1308 2550 1410 2598 nomine

317 2625 459 2676 misens
477 2629 571 2678 dictam
589 2631 635 2690 ait,
655 2629 702 2678 ‘in
714 2644 764 2692 qus
775 2630 845 2678 Deo·
884 2624 1001 2673 laesarnm
1021 2625 1172 2687 religionum
1192 2638 1222 2673 sc
1241 2624 1342 2673 violate
1355 2640 1410 2674 nra·

318 2717 373 2752 rum
388 2705 554 2769 Dearnmque
568 2704 656 2756 habita
667 2704 845 2775 discubuerint
876 2700 982 2763 jestatis
1000 2700 1165 2763 appellando,
1182 2701 1343 2749 clementiam
1355 2716 1409 2750 ma-

318 2782 451 2830 conrivss:
474 2782 528 2846 ipss
552 2797 599 2845 pro
620 2781 741 2847 Apolline
763 2780 845 2831 irretit
878 2777 966 2839 josum
984 2791 1093 2840 suasque
1110 2778 1166 2840 ipse
1178 2778 1248 2841 leges
1259 2778 1409 2839 egredisbs·

318 2855 441 2905 ornatus)
470 2858 548 2908 Forte
559 2874 591 2909 ex
603 2872 765 2909 numerosum
777 2872 844 2906 conr·
883 2852 943 2903 tur!
967 2854 1211 2918 visionencsttg.
1226 2859 1303 2907 626.
1337 2856 1409 2907 Adu-

317 2932 426 2996 peudiis‚
453 2934 520 2984 node
550 2935 650 2986 infinita
678 2934 704 2984 in
732 2932 844 2997 optimos
882 2930 949 2978 lator
975 2931 1043 2980 eninr
1071 2929 1176 2980 familiia
1204 2930 1328 2997 Augustas
1349 2935 1408 2985 Vsl.

317 3022 438 3061 suctores
466 3012 560 3062 menda
588 3015 759 3076 irrepserunt,
787 3024 843 3060 cor-
881 3006 1009 3058 Maximus
1020 3021 1058 3056 vr.
1070 3012 1093 3057 1.
1110 3007 1201 3059 Scbstt.

317 3095 430 3151 ruptum.
464 3090 527 3138 Mox
539 3090 604 3139 Mas.
621 3088 733 3138 accubare
745 3088 844 3151 legunt.
914 3082 984 3132 More
994 3084 1183 3150 mutuemini]
1202 3087 1342 3150 Eleganter
1353 3088 1409 3138 baec

316 3164 409 3215 Sclsott.
440 3165 597 3216 Constantes
616 3174 703 3216 tamea
723 3163 844 3214 duodecim
882 3159 982 3210 Plinius
995 3161 1088 3212 ,iunior
1098 3162 1182 3226 Epist.
1192 3169 1304 3215 νιιι.22.
1317 3167 1410 3216 Scisti.

316 3256 403 3291 omues
424 3244 553 3303 retinent;
576 3249 604 3291 et
631 3246 720 3306 posset
742 3239 845 3290 diversa
880 3235 947 3285 lnds
959 3245 1035 3287 scote
1044 3239 1153 3289 Publius
1163 3241 1251 3306 syrus,
1267 3243 1409 3307 ‘Plerique

314 3320 432 3369 convivia
448 3319 588 3383 respicere,
604 3318 672 3383 qrsod
690 3326 843 3368 tamennon
882 3315 925 3364 ubi
945 3315 1001 3364 aliis
1019 3317 1189 3376 maledicunt,
1199 3318 1299 3370 t‘sciuot
1320 3322 1409 3370 coori-

315 3395 483 3457 crsdiderim3
501 3396 588 3458 potius
599 3395 698 3459 lspsum
710 3401 844 3444 auctorem
881 3392 944 3441 tiusn
960 3392 1027 3442 sitsi!
1059 3394 1101 3444 Ac
1116 3396 1224 3444 rotunde
1241 3397 1294 3446 Dio
1306 3395 1408 3444 Cassios

314 3485 402 3522 erroro
418 3472 527 3534 numeri,
538 3486 596 3521 cnm
614 3472 734 3521 convirss
745 3471 843 3520 dnode·
880 3467 926 3517 lib.
938 3480 1041 3517 xxxvi.
1068 3472 1156 3532 nosset
1171 3470 1218 3534 γάρ
1233 3489 1279 3520 που
1295 3469 1355 3533 ῥᾷον
1365 3469 1409 3518 dt·

315 3551 364 3600 cim
375 3551 452 3600 simul
463 3565 565 3601 sumens
582 3565 627 3600 eos
646 3552 738 3600 lternrn
752 3551 778 3599 in
790 3565 842 3599 ma·
880 3552 932 3593 sou
943 3544 1064 3606 ἐπιτιμῶσι
1075 3564 1146 3607 τινος,
1157 3547 1173 3606 tl
1184 3548 1275 3596 tornois
1284 3545 1408 3606 ποραοοῦ.

315 3639 356 3674 res
368 3633 395 3674 et
413 3624 520 3676 seminas
535 3627 693 3683 distinxerit,
711 3625 778 3692 quod
791 3641 842 3676 uon
880 3639 914 3685 οι,
925 3621 965 3671 sai
976 3622 1148 3686 rpuxnpdrord
1161 3640 1192 3684 γε
1202 3623 1239 3685 ἐφ’
1255 3619 1289 3670 eis
1299 3620 1409 3684 τιμωρίαι

313 3700 458 3752 faciendum
471 3701 565 3767 factal,
577 3719 636 3753 cum
649 3704 705 3769 jam
720 3711 780 3753 ants
795 3702 842 3753 dtr·
880 3698 956 3761 diioui
967 3699 1023 3750 sciis
1037 3699 1113 3750 ribos
1123 3697 1181 3748 siros
1191 3694 1332 3759 νομίζουσιν,
1341 3698 1409 3748 αὐτοὶ

314 3781 425 3844 plicatus
448 3787 516 3829 esset
535 3795 667 3831 numeros.
709 3779 791 3830 Porro
810 3795 841 3830 ex
878 3777 992 3826 ποιοῦσιν·
1012 3777 1075 3826 durs
1092 3775 1207 3836 putiolos
1226 3774 1314 3831 aloru,
1333 3775 1358 3836 δε
1376 3773 1409 3826 sis

313 3859 406 3907 nostris
425 3858 502 3907 etism
524 3858 567 3908 bic
584 3857 747 3908 ‘secubare'
767 3856 843 3907 redu·
879 3853 967 3917 eripuis
987 3853 1143 3915 ἐγκαλοῦσιν,
1166 3852 1204 3901 ὅτι
1232 3851 1271 3900 sul
1298 3853 1408 3911 μισοῦσιν

313 3933 422 3982 cendum
435 3942 501 3990 erat,
512 3948 569 3998 qnae
582 3949 631 3984 vos
644 3940 714 3984 recte
728 3932 760 3982 sd
771 3946 841 3982 men·
879 3931 939 3980 altri
954 3929 1091 3990 λαμβάνον·
1108 3929 1190 3992 lange
1207 3929 1332 3994 proctivius
1348 3931 1408 3980 abor

313 4024 354 4059 sas
368 4009 488 4059 refertur.
512 4011 599 4061 bivios
610 4024 691 4061 xxix.
702 4013 743 4059 tt.
758 4009 841 4058 ‘Tum
879 4010 973 4074 puidam
987 4009 1167 4071 aspiciendam,
1178 4025 1247 4073 paors
1264 4009 1353 4073 seipsos
1363 4011 1406 4059 od·

312 4086 380 4134 illam
408 4085 476 4135 inira
506 4101 564 4136 enm
601 4087 770 4137 accubantem
797 4101 842 4135 ns·
878 4088 1005 4142 οιοοοοιιίς
1022 4085 1185 4148 facillimeque
1199 4085 1244 4151 fit,
1262 4091 1288 4135 ut
1308 4101 1407 4150 psoram

313 4176 388 4225 garis
397 4161 421 4211 ι’
438 4173 465 4212 et
479 4176 537 4211 xor.
547 4167 572 4212 2.
589 4165 597 4191 ‘
609 4163 711 4213 Stratos
723 4165 803 4213 lectos
815 4163 841 4211 in
877 4175 956 4212 rerum
964 4174 1046 4209 οοοιοοο
1054 4176 1122 4225 poesa
1130 4163 1215 4224 digm
1223 4163 1408 4227 oliosjsdicast,

313 4237 451 4302 quartario
474 4241 621 4296 invenisset,
645 4241 748 4303 repulus
765 4253 840 4290 acco·
877 4237 1077 4302 lmipsitssdess
1087 4239 1404 4304 admittcsttrstsrgsraes·
