3074 5040
269 353 408 401 nunus.
429 353 523 400 vicu.
543 352 653 400 vinos
678 353 957 404 leunsinem.
982 356 1103 407 cxxv.
1162 340 1229 406 675

135 495 353 558 prostituentium
375 495 436 560 quid
457 494 512 557 egit
534 493 663 556 Tigranes
701 509 756 543 rum
777 501 805 544 et
822 494 1057 547 deambulationum
1078 505 1227 562 apparatus,

135 573 238 637 dignum
250 575 386 622 memoria?
399 573 460 637 qnid
476 571 663 620 Mithradates?
700 573 825 635 picturas,
841 580 947 632 statuas,
962 581 1087 637 omneque
1099 575 1227 637 ejusnodi

134 665 210 714 quum
221 652 243 699 is
252 652 425 712 superioribus
433 650 549 698 cladibus
557 650 663 699 obrutus
700 663 783 697 rerum
795 649 908 698 studium
920 648 952 697 ad
966 649 1053 698 luxum
1065 651 1176 701 arbitror
1187 666 1228 702 re·

133 738 210 792 atque
223 727 381 787 confractus,
399 742 448 776 nec
465 728 539 775 morio
551 741 607 774 erras
617 726 661 774 ad·
700 723 824 773 ferentia:
840 725 922 773 illotis.

133 819 224 853 versus
239 805 392 866 Pompeium
410 804 499 866 copias
516 812 591 852 extra
608 804 661 851 rat·
732 799 936 863 Deciperecoepr't]
947 801 1228 866 Coepissetscriptaiec·

132 879 185 928 lum
208 879 319 928 educere
339 893 416 927 anana
437 877 525 939 fuerit,
544 878 589 927 red
606 880 661 928 sola
699 877 745 925 tio.
770 876 924 926 Plutarchus
941 878 982 925 bic
1001 879 1078 932 Corn.
1096 879 1227 943 Nepotem

134 956 199 1019 fuga
209 956 287 1004 saluti
304 957 481 1005 consulensin
499 958 660 1020 Bosphorum
699 952 787 1002 illudat
800 960 940 1013 auctorem,
949 953 982 1002 de
992 955 1076 1018 quoin
1088 956 1227 1017 Fragmen-

133 1046 162 1079 se
176 1032 294 1092 recepit:
314 1032 438 1095 'tigranes
449 1048 510 1082 rero
527 1035 611 1083 nudus
622 1043 660 1085 ιι.
700 1031 742 1079 tis.
776 1029 897 1078 Ceterum
915 1031 973 1092 lege
992 1030 1104 1080 Loetoria
1123 1040 1227 1083 cautum

133 1122 183 1168 que
199 1099 398 1157 inermia'coram
412 1110 536 1171 Pompeio
549 1112 660 1173 supplex
699 1115 766 1160 erat,
783 1115 813 1155 ul
830 1107 870 1168 iis,
888 1107 932 1171 qui
949 1106 1040 1156 furiosi
1065 1109 1105 1158 rei
1125 1110 1229 1174 prodigi

131 1183 201 1231 humi
223 1173 300 1247 ouum
318 1185 513 1247 praestitissem
530 1185 659 1236 sublatum
698 1190 796 1246 essent,
813 1192 947 1232 curatores
965 1183 1103 1234 darentur:
1122 1187 1165 1250 qui
1181 1201 1226 1237 eos

133 1262 243 1324 propriis
266 1262 382 1312 manibus
403 1266 522 1325 scopite
541 1264 660 1313 diadema
698 1259 1229 1324 circumscripsisscnt,judiciopublicola·

132 1338 163 1387 ad
176 1338 245 1386 illius
255 1339 334 1402 pedes
346 1339 487 1401 deposuit!
503 1341 585 1389 Moci.
696 1343 830 1389 urerentur.
848 1337 939 1386 Cicero
948 1338 980 1387 de
996 1337 1057 1387 Nat.
1067 1339 1146 1389 Deor.
1159 1340 1175 1389 i.
1183 1353 1227 1390 ιιι.

162 1414 274 1480 Afflixr't]
283 1416 384 1478 Snbegit
393 1417 453 1466 libri
463 1418 596 1482 scripti‚et
605 1416 658 1466 for·
697 1424 724 1461 et
736 1412 813 1464 Offie.
825 1414 870 1463 lib.
882 1429 928 1464 ιιι.
959 1416 1121 1479 Capitolinus
1133 1419 1159 1466 in
1171 1416 1226 1468 An·

131 1495 200 1540 tasse
217 1493 322 1542 rectius.
338 1493 432 1542 Scirott.
697 1490 786 1540 tonino
799 1491 962 1553 Philosopim.
987 1492 1028 1541 De
1042 1493 1152 1542 Lucullo
1163 1509 1226 1558 quo·

161 1569 351 1632 Eamqaercgrro
365 1568 508 1631 raoPorrlo]
524 1569 658 1620 Mea-bre·
695 1582 744 1631 que
765 1569 824 1617 ride
846 1568 998 1620 Tertutiiau.
1015 1569 1040 1618 in
1062 1570 1226 1634 Apologetic.

129 1643 200 1693 rius:
212 1659 308 1708 europae
318 1659 412 1693 rursum
426 1660 479 1693 cam
490 1645 659 1708 Tigroaerrge
696 1658 755 1707 cap.
765 1649 805 1692 ll.
823 1643 917 1692 Sriott.
942 1645 1019 1708 Coepr't
1029 1646 1120 1694 melius
1132 1661 1164 1696 ex
1171 1661 1225 1696 om·

128 1722 658 1785 Armenirsreaicrrtmmograsocr'litotem·
695 1721 771 1769 uibus
794 1721 898 1783 scriptis
917 1728 944 1769 et
965 1721 1041 1769 editt.
1053 1719 1225 1771 defenditur.

129 1800 232 1861 peronii.
267 1801 365 1848 Nimius
384 1800 410 1847 ia
427 1800 519 1848 ambita
535 1801 659 1860 signorum
695 1798 738 1846 De
750 1797 807 1858 iege
822 1797 934 1846 Laetoria
946 1797 1003 1846 ride
1013 1797 1146 1858 Cujacium
1159 1797 1225 1847 Oba.

128 1876 514 1939 ettotatorarramoreflrpmoit.
549 1877 658 1927 Retinco
695 1887 755 1923 ιιι.
774 1878 815 1922 tt.
841 1876 972 1924 Doctores
983 1873 1078 1937 adit.
1106 1873 1172 1922 lust.
1190 1874 1224 1924 do

129 1959 215 2000 tamen
226 1952 320 2012 tabita,
330 1954 398 2016 quod
412 1953 535 2002 Horatius
548 1954 658 2005 Flaccus
696 1950 785 2000 Curat.
802 1959 830 2000 et
843 1951 876 1999 ad
889 1951 945 2000 Caii
958 1950 1047 1999 instit.
1057 1948 1101 1999 lib.
1115 1954 1137 1998 l.
1149 1951 1190 2000 tit.
1200 1955 1225 2000 8.

128 2026 213 2089 Epist.
225 2028 257 2075 ad
274 2027 420 2078 Numicium
432 2029 477 2079 lib.
490 2044 511 2078 1.
523 2030 657 2093 profusum
695 2026 780 2075 miz·

127 2111 156 2151 et
176 2104 280 2151 nimium
311 2104 410 2154 Luculli
432 2105 547 2156 habitum
565 2116 656 2159 notet:
729 2102 1223 2166 Canrxxv.§luatumcrtuanon

127 2180 203 2228 ‘Nec
221 2178 302 2228 t‘usria
319 2181 360 2229 trie
378 2188 421 2230 tn:
440 2183 593 2248 Chiamydpr
606 2186 657 2235 Lu.
694 2177 777 2242 spito:
794 2180 943 2229 auctoribus
956 2180 1109 2243 Capitolinis
1120 2181 1225 2242 Lapidi-

127 2256 208 2303 cullus
226 2255 269 2319 (ut
289 2256 372 2320 aiunt)
394 2258 422 2306 Si
445 2270 533 2322 posset
552 2269 655 2312 ceptum
697 2256 743 2302 bns
766 2265 792 2305 et
816 2256 887 2305 libris
906 2256 1092 2305 membraneis:
1120 2256 1223 2306 tametsi

79 2371 83 2385 ,
126 2345 213 2380 scente
233 2332 552 2396 praebere‚rogatus‚’&c.
587 2339 655 2389 vida
695 2333 787 2381 Cicero
810 2333 836 2381 in
859 2334 973 2384 Oratore
996 2335 1065 2397 Sylla
1093 2334 1171 2384 scribi
1194 2342 1223 2385 et

127 2407 297 2456 Plutarchum
309 2419 425 2458 extremo
439 2411 556 2468 brientio,
566 2414 611 2463 utri
628 2421 656 2465 et
694 2410 854 2470 pronuntiari
865 2411 932 2459 velle
944 2409 1070 2459 rideatur.
1094 2412 1134 2459 ue
1145 2411 1223 2474 rigui-

125 2483 230 2533 Horatii
249 2485 335 2533 Flacci
349 2486 479 2537 meminit:
497 2489 541 2537 sed
558 2489 655 2540 ducen·
693 2485 815 2536 ficatione
830 2489 905 2537 Salio
925 2488 1078 2538 Plutarchus
1095 2490 1121 2537 tn
1133 2490 1222 2540 Corio·

127 2567 168 2608 tas
180 2575 208 2608 aa
221 2560 317 2610 habere
329 2563 489 2628 chlamydes,
499 2566 581 2629 inquit
593 2568 655 2617 plu.
691 2564 766 2612 iano:
784 2565 860 2614 aliter
879 2567 973 2614 Sextus
991 2566 1131 2628 Pompeius
1142 2566 1222 2616 iuter·

125 2636 237 2685 sarcina
256 2637 653 2707 Horatiusquinquemilliapc-
694 2648 821 2702 pretatur·
850 2641 893 2690 De
912 2642 989 2691 stuta
1012 2652 1098 2692 autem
1122 2645 1221 2709 origine

125 2711 217 2763 itioris.
234 2714 326 2764 Scisti.
353 2716 448 2766 Habita
458 2719 522 2768 Pati.
532 2720 652 2770 Mranon
692 2717 829 2766 Sallustius
842 2719 867 2766 in
877 2718 1043 2782 iugurthino,
1051 2734 1125 2784 quem
1136 2721 1220 2771 locum

124 2790 221 2848 ambita,
233 2792 301 2855 quod
315 2794 455 2842 insitorum
471 2797 593 2859 scriptis;
608 2798 653 2847 de.
691 2791 756 2842 citat
766 2794 871 2842 Servius
883 2795 909 2843 iu
921 2795 978 2844 AEn.
987 2795 1031 2844 iib.
1043 2809 1095 2844 vu.
1111 2795 1204 2844 Sciron.

123 2868 283 2930 atruitnrqne
308 2883 321 2915 a
343 2869 476 2920 Plutarchi
496 2874 604 2924 Lucullo
626 2876 652 2924 in
725 2869 871 2934 infortuna]
891 2873 989 2920 Plinius
1004 2874 1136 2922 Naturalis
1149 2873 1219 2922 Hist.

124 2939 185 3003 tiae,
208 2951 234 2991 nt
259 2951 287 2991 et
307 2944 409 2994 Horatii
427 2948 512 3010 Epist.
529 2965 547 3000 ι.
568 2956 594 3001 6.
613 2957 653 3001 ιο,
691 2959 742 2995 ιιι.
754 2952 795 2996 4³.
811 2948 1041 2996 ‘Unuslrominum
1055 2947 1087 2994 ad
1107 2948 1154 2995 troc
1170 2948 1219 2996 ari

124 3018 339 3082 quemadmodum
372 3032 523 3074 annotatum
551 3043 653 3092 quoque
689 3023 1220 3086 Foeiicirsibicoguomeuasseruit,1.uei·

123 3095 281 3147 attisurar.
315 3097 408 3147 Placet
419 3103 486 3163 qrrod
499 3103 523 3150 in
535 3106 652 3154 omnibns
690 3115 719 3147 us
738 3102 810 3150 Sulla
829 3102 899 3150 cirili
923 3114 1014 3162 nempe
1036 3101 1217 3162 sanguineae

123 3181 164 3222 cat
176 3175 374 3236 exemplaribus,
391 3187 503 3240 excepto
514 3182 570 3228 soto
581 3182 652 3231 Laid.
690 3176 781 3238 parrtae
798 3175 992 3238 oppugnatione
1009 3173 1128 3236 adeptus.
1139 3175 1218 3223 etiam

124 3252 147 3298 l.
157 3249 201 3298 ubi
213 3251 274 3299 nihii
287 3251 318 3300 de
338 3253 465 3302 varietate
480 3255 505 3302 in
517 3260 651 3321 excerpti.
689 3251 842 3315 quibusdam
861 3250 1000 3299 ioeiicitatis
1014 3250 1134 3298 inductus
1145 3265 1218 3312 argu·

121 3334 250 3380 monetur,
277 3343 319 3376 aaa
345 3343 428 3390 reguo,
454 3329 480 3378 id
500 3337 544 3392 ert,
565 3333 652 3384 Ponto.
688 3329 792 3389 mentis,
802 3329 869 3393 qnod
883 3327 1069 3392 proscribendo
1081 3334 1121 3376 tot
1137 3329 1217 3377 miliia

122 3402 258 3453 Quomodo
276 3404 330 3466 jam
354 3405 474 3455 ediderat
495 3406 652 3472 Agrippas
688 3407 781 3455 cilium
801 3406 933 3457 trucidare
950 3405 1086 3468 potuisset.
1121 3404 1217 3466 opra-

122 3478 241 3540 Vanam
259 3481 355 3531 locutio
376 3481 538 3531 usitatissima
557 3490 652 3535 reteri·
688 3496 720 3530 ra
739 3483 931 3546 interpretatio,
947 3488 974 3530 et
992 3479 1081 3529 futuro
1098 3488 1216 3541 tempora

120 3552 178 3615 bns,
189 3557 210 3604 ri
224 3572 276 3606 rem
289 3559 385 3606 clarius
402 3557 481 3607 veiint
496 3573 651 3624 proponere.
687 3558 812 3610 ioioetixl'
830 3568 858 3609 et
880 3560 959 3607 tilium
983 3559 1117 3612 Faustum,
1136 3556 1216 3604 titiam

121 3631 212 3682 Florus
225 3649 269 3684 tn.
279 3638 328 3699 Μ
345 3640 370 3684 6.
389 3642 417 3683 et
430 3636 529 3686 Duker.
542 3638 574 3687 ud
588 3654 650 3689 eun·
686 3636 805 3684 Faustam
816 3637 953 3684 insolenter
964 3633 1115 3696 appellavit.
1132 3632 1216 3683 Moci.

120 3708 178 3758 dem
199 3715 365 3776 rv.2.§15.
393 3713 490 3762 Passim
503 3716 649 3764 Cortinsart
685 3712 822 3768 Asortrrrro
840 3712 899 3760 libri
916 3710 1215 3774 reteresmetirrsquem

120 3785 242 3848 epistolas
254 3789 340 3839 Cicer.
353 3790 369 3837 Ι.
382 3787 458 3839 ibis.
467 3791 499 3840 de
509 3791 577 3840 Anu.
588 3792 648 3855 [ιιι.
685 3789 824 3847 infortuna.
858 3789 957 3836 Plinius
972 3800 1003 3834 ιι.
1020 3792 1061 3835 ot.
1074 3793 1100 3834 et
1112 3801 1162 3835 νιι.
1172 3791 1214 3837 48.

119 3863 139 3911 1.
150 3867 175 3912 i.
196 3868 251 3928 §tu
269 3867 303 3915 de
324 3869 427 3918 Pactis:
446 3885 502 3934 sup.
523 3870 556 3918 de
573 3869 647 3934 Orig.
685 3865 763 3913 Sulla
785 3863 920 3914 felicitatis
948 3872 1078 3912 ostentum
1106 3861 1213 3912 srrlmiue

119 3941 200 3991 (ient.
217 3958 276 4006 cap.
291 3948 392 4010 uto.
419 3945 514 3995 lubin
532 3947 648 4010 Epit.et
684 3941 772 3990 datum
788 3949 879 3990 auctor
897 3947 945 3989 est.
979 3941 1063 3988 Quam
1083 3939 1214 3988 temerita-

120 4018 192 4066 aiibi.
210 4019 297 4071 Arlrtz.
644 4062 647 4067 Α
684 4027 736 4069 tem
750 4035 806 4067 cum
817 4018 928 4069 stultitia
941 4016 1104 4077 conjunctam
1115 4014 1213 4064 refellit

150 4095 164 4157 ς
176 4097 190 4141 7
209 4096 338 4159 dignorem
354 4103 377 4146 et
391 4097 532 4162 tubulorum]
548 4099 647 4155 ‘nucu
683 4095 790 4146 Tertnlt.
804 4093 970 4156 Apologetici
982 4107 1005 4140 c.
1019 4091 1163 4140 11.Sclrort.
1181 4091 1212 4139 Ia

117 4176 147 4219 ot
158 4170 260 4222 Xerxes
272 4173 388 4237 'rogatus
401 4189 414 4222 a
430 4175 566 4224 Tuberone
575 4176 647 4225 dice·
677 4175 778 4235 fortuna
790 4181 876 4220 tomen
890 4184 978 4220 omues
993 4168 1084 4232 scripti
1096 4177 1124 4217 et
1136 4166 1213 4228 editi,

117 4256 210 4298 rator:
228 4260 289 4301 nam
302 4250 444 4314 basilicam,
454 4257 531 4316 atque
542 4250 648 4304 balneo«
684 4266 730 4316 pro
746 4251 868 4317 quamdiu
883 4247 954 4302 felici
972 4263 1032 4303 usur
1043 4257 1084 4299 ert
1098 4245 1211 4308 fortuna,
