3074 5040
326 397 464 447 sunau.
487 395 587 444 uror.
613 394 820 456 arrrouuu,
845 395 929 445 cur.
955 394 1041 444 xxr.
1172 378 1237 445 821

150 566 154 574 ·
173 543 213 606 §i
230 541 342 591 Honores
357 538 507 603 cerssrsdsrs]
522 539 623 589 Vereor
636 551 670 587 ne
708 550 764 587 rnm
777 537 933 601 principem,
945 538 1131 602 ‘Ultricesque
1147 539 1240 591 sedent

80 658 85 671 .
140 616 282 680 pauperinis
299 614 426 680 ἁμάρτημα
443 618 487 677 sit,
505 616 573 680 quod
594 629 670 666 usuro
708 616 733 665 in
761 615 849 664 limine
866 615 951 678 dire,’
978 617 1035 665 AEu.
1052 629 1115 665 vur.
1133 625 1242 682 quest

142 697 244 745 camilli
257 695 357 744 leudem
370 695 484 744 tribuet:
501 692 583 741 falsus
602 692 671 742 forte
709 693 753 742 lib.
768 706 820 742 xrr.
833 692 1017 756 depinguntur.
1044 691 1086 740 Sic
1098 691 1172 740 furiis
1185 692 1239 756 sgi-

142 772 168 821 in
192 771 416 821 nominessereri
440 771 507 819 cuitu
529 768 671 820 Alexandri
710 778 777 819 tatus
806 770 915 819 Orestes
936 775 963 817 et
984 767 1052 830 Ajax
1074 767 1167 831 poetis.
1206 770 1243 819 Et

143 849 274 912 proprium
285 847 394 910 ltuc,qui
404 848 597 908 magistratuum
608 862 671 896 nnn·
710 846 809 895 Neroni
825 845 912 893 mstris
924 843 1071 894 interfecte
1084 845 1184 908 species
1196 844 1242 894 ob·

143 927 301 974 dicationem
322 927 469 974 detestatus
486 932 537 985 est,
553 941 611 975 cum
628 925 672 989 ju·
710 931 827 971 serretur
846 921 914 984 apud
936 922 1012 970 Suet.
1028 934 1087 984 esp.
1103 924 1144 970 tl.
1160 928 1188 970 et
1201 925 1243 972 dd.

142 1001 250 1064 diceret,
273 1016 381 1052 necesse
403 1018 468 1064 esre,
485 1011 514 1052 ut
539 1004 582 1065 qui
605 1018 673 1051 erue·
709 1007 736 1047 st
749 999 847 1049 Othoni
860 997 1243 1061 manesGelbe‚0thonecsp.

143 1081 186 1133 rit,
204 1078 309 1129 vendat.
351 1079 488 1143 Legendur
510 1081 673 1143 Lampridius
709 1081 734 1125 l.
769 1078 911 1139 Eleganter
921 1078 1027 1126 Tacitui
1039 1077 1071 1124 de
1083 1077 1188 1127 Tiberio
1205 1077 1244 1126 lo·

143 1155 302 1205 Alexandro
337 1156 397 1204 Non
418 1157 540 1205 dissimile
561 1157 673 1206 Pescen·
710 1169 791 1219 quens
812 1154 905 1203 Anusl.
927 1153 972 1203 iib.
990 1166 1028 1202 vr.
1044 1153 1129 1214 iuitio,
1146 1155 1198 1218 vei,
1213 1159 1243 1203 ut

143 1232 186 1280 niu
211 1231 293 1294 Nigro
316 1232 408 1281 tribuit
424 1233 587 1296 Spsrtiunus.
627 1232 674 1283 Ju·
712 1229 1244 1293 uliidistingrruut,quincto:‘Nouimu-

144 1308 228 1358 dicem
250 1322 299 1357 nec
324 1308 388 1358 dere
415 1323 465 1358 nec
493 1310 611 1372 sccipere
629 1308 674 1357 de·
712 1305 1243 1370 tra‚’inquit‚‘praestsntissimussspieu·

144 1384 224 1433 bere:
242 1384 351 1449 ideoque
370 1384 462 1433 sslsrin
479 1385 510 1434 iis
530 1385 675 1436 constituit.
712 1383 756 1431 tire
774 1381 879 1431 srrmsre
899 1382 990 1431 solitus
1009 1391 1060 1444 est,
1070 1383 1091 1431 si
1108 1381 1243 1432 recludan-

132 1460 236 1511 detur.
715 1467 758 1510 tur
770 1470 936 1524 tyrannorum
955 1467 1148 1522 ruentes,posse
1161 1459 1245 1524 aspici

177 1542 236 1604 §lu
251 1539 334 1589 Annos
352 1541 479 1603 magistu
495 1539 608 1604 quisque]
631 1541 674 1591 Sic
712 1538 1068 1602 lanistrrsetiotu13qtroudo
1086 1546 1114 1587 ut
1133 1550 1245 1602 eorpors

144 1626 219 1666 notet
235 1627 310 1667 vetus
329 1618 388 1667 cod.
407 1618 514 1680 rectius,
526 1634 600 1683 qsraur
621 1619 674 1683 ulii,
712 1615 873 1671 verberibuu
908 1617 946 1664 ii⁸
978 1615 1088 1676 willa,
1128 1614 1245 1679 libidine,

144 1695 312 1757 septuagintos
329 1696 674 1744 sicutostendimusiucom-
713 1695 785 1743 mstis
807 1693 932 1743 consultis
953 1693 1052 1742 suimus
1075 1692 1244 1742 diluceretur.

145 1771 273 1819 urentsrio
295 1771 423 1833 Eutropii.
445 1771 552 1820 Vinctus.
586 1773 675 1821 LXX.
713 1772 818 1834 Quippe
838 1771 968 1820 Tiberium
990 1784 1040 1819 nou
1059 1767 1173 1830 fortune,
1192 1783 1245 1819 nou

146 1844 216 1895 And.
228 1846 367 1894 Crsrsndri
379 1854 406 1894 et
418 1846 529 1909 Gryphii
545 1847 605 1895 edd.
616 1863 675 1912 pro·
712 1847 865 1897 solitudines
875 1847 1054 1912 protegebant,
1062 1848 1123 1910 quiin
1132 1853 1245 1894 tormen·

146 1922 205 1986 pius
233 1936 342 1983 rerum3
370 1925 504 1986 octoginta
533 1926 600 1973 enirn
629 1939 674 1974 no·
714 1931 741 1973 ta
753 1924 876 1987 pectoris,
888 1927 996 1988 suamne
1013 1937 1101 1986 poenss
1112 1923 1167 1985 ipse
1178 1920 1246 1972 iste·

147 2013 339 2048 romannorum
356 1999 420 2049 facit
440 2016 491 2050 nou
508 2004 587 2050 semel
598 2002 676 2066 Sper·
713 1999 803 2050 retur!
835 2000 887 2049 Sed
897 2014 948 2048 oon
961 2008 1036 2049 rscat
1047 2013 1166 2063 campum
1178 1997 1247 2048 huuc

146 2076 239 2126 liunus.
272 2077 414 2126 Moriturus
427 2084 511 2127 autem
528 2079 610 2141 jussit
625 2080 676 2144 sig·
714 2077 822 2141 ingredi.
840 2077 932 2126 Sciroti.
965 2076 1249 2140 virgitlssmrmcto.

148 2168 209 2203 nuru
228 2153 332 2203 tribuno
344 2154 408 2217 dari,
424 2155 632 2204 ‘Laboremusr'
650 2163 678 2206 nt
715 2159 767 2206 ‘Et
790 2158 852 2207 dirae
875 2158 980 2207 ultrices
999 2166 1026 2206 ct
1052 2156 1088 2207 Di
1112 2155 1246 2207 morientis

148 2230 258 2281 Helvius
271 2231 397 2281 Pertinax
409 2233 585 2283 ‘illiliterunu’
603 2232 676 2283 Idem
715 2235 824 2285 Elissa!
843 2250 882 2286 vr.
901 2240 959 2285 olli.
993 2234 1052 2284 Vsl.
1072 2234 1179 2283 Flaccus
1197 2233 1247 2283 dr·

146 2310 310 2372 Spsrtisuur.
343 2309 428 2374 Supra
441 2311 526 2373 paullo
536 2312 678 2361 eruditorem
716 2326 776 2376 gon.
790 2316 882 2363 uduo.
900 2311 1030 2362 ‘Ultrices
1046 2318 1166 2375 spectent
1184 2324 1200 2360 s
1216 2309 1247 2359 il·

145 2401 230 2450 possus
244 2394 286 2437 ert
297 2388 322 2434 iu
331 2388 408 2437 editio
421 2397 539 2452 qrsstuor.
556 2389 679 2439 Sciottss.
716 2392 784 2440 ruine
793 2389 875 2439 dirue!
909 2388 1208 2440 SeuecsMedesrnli.
1218 2395 1248 2439 st

150 2461 227 2514 Quod
238 2462 327 2520 miror,
337 2463 411 2526 quiri
422 2464 563 2527 negabatur,
575 2465 678 2528 reperio
717 2467 838 2529 Ocresia,
850 2467 870 2516 si
881 2466 949 2517 illius
967 2473 1007 2517 est
1021 2473 1121 2529 auctor,
1139 2481 1177 2515 vs.
1189 2469 1248 2517 llud.

149 2538 175 2587 ln
189 2538 261 2587 Leid.
274 2542 297 2588 l.
314 2546 342 2588 et
354 2538 441 2588 Gueli.
455 2539 530 2590 codd.
542 2542 563 2589 si
576 2541 678 2604 conspi·
717 2542 838 2594 Oudend.
848 2544 880 2592 ad
890 2544 986 2594 Lucsu.
999 2557 1027 2593 rt.
1038 2547 1095 2593 rrl.
1112 2544 1200 2593 Arsit.

149 2624 217 2671 rent,
229 2630 287 2664 raro
305 2624 453 2679 peccantes.
488 2615 529 2666 An
546 2617 622 2667 missus
640 2618 679 2667 ln·
755 2622 931 2685 §tenpore
953 2621 1088 2671 Alexandri
1109 2619 1249 2671 Macedouis

150 2693 316 2756 rettigamust
334 2693 379 2742 ssd
398 2700 452 2744 turn
468 2695 571 2759 requiro
589 2704 679 2746 aucto·
716 2698 848 2762 csssspecto]
875 2699 927 2748 Sed
950 2713 996 2747 cur
1015 2713 1065 2748 non
1085 2697 1117 2747 dc
1136 2710 1248 2762 corporo

150 2771 266 2826 ritatem,
283 2771 327 2835 qui
351 2772 388 2820 ita
410 2772 510 2821 locutus
524 2773 576 2823 sit.
609 2772 678 2824 Nori
716 2790 793 2825 msuu
812 2775 919 2840 picturis
932 2776 972 2824 rei
992 2775 1111 2825 stutusrii
1124 2787 1249 2838 expresso

151 2846 278 2909 equidem,
303 2849 412 2897 relatum
435 2864 487 2899 nou
508 2864 612 2912 semper
639 2864 679 2899 re·
717 2852 807 2902 melius
819 2852 1040 2917 interpretamur?
1069 2851 1250 2902 Orid.'l'r.11.

149 2922 278 2984 spondere
298 2938 344 2973 suo
366 2925 538 2982 substantivo,
554 2926 601 2975 sed
624 2934 678 2977 turn
717 2933 774 2979 ⁵22.
785 2931 793 2958 ⁴
805 2930 840 2978 Ut
857 2931 943 2994 prisea
955 2931 1065 2979 virorum
1079 2929 1181 2980 urstflei
1199 2926 1250 2979 tut·

150 3001 207 3051 iere
219 3002 288 3051 eliud
298 3017 391 3053 nomeu
404 3006 475 3069 sequi
486 3005 562 3067 solet,
570 3004 601 3053 ad
610 3005 678 3070 quod
719 3015 782 3070 gent
798 3021 906 3070 corpora
925 3008 995 3071 picto
1013 3005 1109 3057 mann!
1141 3008 1205 3059 Quis
1222 3007 1250 3057 iu

151 3077 271 3140 retertur,
282 3093 324 3128 ex.
337 3095 375 3143 gr.
385 3082 476 3143 umeri,
487 3097 540 3145 puoe
555 3082 679 3132 medicine.
718 3091 830 3144 mortuo,
844 3083 990 3146 presertim
1008 3083 1033 3130 iu
1045 3097 1095 3146 quo
1107 3083 1158 3131 uris
1171 3083 1250 3131 linea·

151 3155 179 3204 st
196 3157 345 3204 ‘venenuo'
361 3156 519 3218 adjectivum
530 3161 609 3207 statui
624 3174 680 3222 pos·
718 3166 805 3209 ments
825 3160 913 3208 delere
931 3164 1023 3207 concta
1042 3156 1128 3206 t‘ucrst
1149 3157 1249 3221 lougin-

150 3239 201 3292 set,
212 3245 252 3279 res
264 3229 365 3280 inciliur
377 3232 536 3293 procederet.
560 3235 610 3282 Sed
619 3235 680 3299 quid
719 3227 805 3300 qur‘tas
817 3236 951 3299 temporis,
963 3242 1062 3284 trucem
1075 3232 1187 3283 frontem
1204 3247 1250 3299 ας.

151 3308 268 3359 fortassis
285 3308 310 3356 in
328 3315 418 3371 aperto
430 3309 528 3358 librarii
540 3311 634 3360 mendo
646 3313 681 3360 lu·
719 3320 849 3374 nosceret,
869 3313 909 3361 vel
929 3325 1080 3361 conversam
1101 3310 1134 3360 sd
1156 3312 1251 3362 lterum

152 3386 283 3445 boramus,
294 3384 438 3447 praesertim
450 3386 476 3435 in
487 3386 530 3434 tsii
540 3400 612 3448 voce,
621 3402 680 3452 pure
719 3391 852 3439 humerum
864 3388 1009 3437 cervicem?
1026 3387 1114 3436 Arsia.

152 3470 261 3528 propter
288 3461 480 3511 similitudinem
514 3461 681 3515 abbrevieodi
751 3469 881 3533 Magnum]
899 3469 943 3519 Sic
960 3467 1039 3516 etism
1053 3472 1131 3523 vocat
1141 3466 1252 3516 Paullus

153 3541 241 3603 plures
260 3538 358 3603 pstitur
376 3539 535 3589 varietates?
565 3542 681 3592 Crudilo·
720 3544 743 3595 1.
756 3545 785 3595 c.
804 3547 828 3593 iu
845 3545 970 3593 Veterum
990 3542 1152 3591 Prndeuturc
1171 3542 1252 3607 Freg-

152 3623 199 3666 tem
214 3632 298 3682 porrus
313 3625 340 3667 et
351 3632 424 3667 nunus
440 3618 529 3667 LXX.
546 3619 614 3682 spud
635 3634 681 3670 uus
720 3623 824 3683 mentis,
836 3635 894 3686 qum
907 3619 1045 3668 immortali
1057 3617 1089 3667 P.
1099 3617 1195 3667 Plthoei
1207 3618 1252 3667 be·

153 3695 317 3753 sditi‚sliter
335 3694 436 3759 scripti.
469 3695 542 3744 Leid.
560 3695 638 3746 etiam
658 3700 681 3746 l.
720 3699 881 3749 aeficiocom
896 3695 1253 3759 Moststegtouscompamts

152 3774 230 3823 annis.
247 3765 337 3823 Arnts.
721 3774 950 3829 circumferuntur,
966 3773 1018 3822 Tit.
1036 3785 1079 3820 rrr.
1094 3771 1127 3820 de
1142 3771 1252 3821 Adulte-

186 3850 253 3900 Cur.
267 3864 329 3900 xxr.
347 3853 387 3915 §8
406 3851 498 3900 Furore
512 3850 604 3915 penos]
623 3849 683 3902 Hoc
721 3854 775 3902 rio:
802 3849 953 3915 ‘Magnus,’
975 3850 1068 3914 inquit.
1089 3847 1253 3898 ‘Antoninus

152 3941 278 3991 uusqusm
287 3928 463 3977 decsracalls
472 3929 574 3977 memini
586 3930 683 3993 legere.
719 3926 840 3995 pepercit
851 3930 888 3978 eis
902 3929 945 3993 qui
964 3927 1095 3977 adulteros
1108 3926 1253 3977 incournlto

154 4003 298 4054 Adrisnum
318 4005 421 4070 quidem
442 4004 530 4055 furore
550 4006 683 4057 lsborarae
720 4009 805 4058 calore
815 4006 897 4067 ducti,
905 4001 1114 4054 interfecerunt!
1128 4004 1252 4054 Semirus.

155 4089 246 4144 erretur
264 4090 305 4130 est
325 4081 489 4145 Lampridius
510 4081 559 4132 sub
581 4083 683 4134 initium
720 4082 1251 4136 Etlsumsuiorumuounriuuslittersrutu

156 4153 299 4217 Alsgsbsli.
315 4156 411 4207 Sciorr.
720 4176 795 4226 quarn
802 4161 867 4226 juris
880 4159 1065 4208 scientissimus
1076 4157 1253 4224 Schultinglus

192 4231 295 4282 Ulisirss
310 4235 435 4300 messius]
454 4235 492 4287 Ut
508 4235 577 4301 spud
593 4236 684 4302 poits·
719 4233 1083 4303 stlpisuiFrngm.tlt.xx.
1094 4233 1155 4299 §ltu
1165 4230 1253 4286 Amr.
