3074 5040
233 310 300 379 584
577 328 684 377 uuum
710 326 906 375 vuutouuu
932 329 972 377 trs

235 478 322 523 tamen
338 473 444 523 Turoni.
461 472 506 522 lib.
522 485 567 522 ιιι.
581 473 630 523 ‘P.
649 472 756 523 Deelunr
793 472 954 537 irrepserint,
972 482 1000 526 ot
1015 475 1064 525 hoe
1081 475 1192 527 voluisse
1212 476 1315 527 videtur

234 550 349 600 Murem·
365 550 485 613 exemplo
494 551 573 613 patria
584 550 654 599 avito
664 563 693 598 se
704 549 758 600 bel·
793 550 870 599 etiam
892 551 990 614 lipsius
1012 552 1044 611 ad
1065 551 1157 602 Senes.
1179 552 1211 602 de
1233 553 1312 605 Brer.

233 627 260 677 lo
279 628 415 677 'l'srentino
428 626 570 676 devovisse.
602 626 669 676 Vide
681 628 756 677 aliern
793 624 848 676 vlt.
864 640 888 675 o.
902 630 940 675 ts.
957 641 1014 676 eum
1027 628 1063 678 ita
1073 629 1129 678 han
1141 629 1218 677 rerba
1229 629 1313 691 profe·

233 703 295 754 belli
319 704 392 753 istius
411 716 525 752 eamean
548 703 618 766 spud
644 703 756 752 Plinium
793 711 850 754 rats
868 704 930 768 App.
942 704 1057 754 Claudiae
1074 706 1170 755 Coeden
1182 706 1246 756 caci
1256 707 1312 766 sru-

234 784 372 831 xxxam.
406 778 554 830 Notandum
566 779 666 828 utillud
682 779 757 830 'l'ibe-
792 778 901 838 tussit.
932 780 1016 830 Video
1028 781 1104 831 etiam
1116 782 1181 845 J'sru.
1196 781 1251 831 nee
1262 796 1313 831 uon

233 855 299 906 rium
322 856 502 907 &tunsarum
523 855 667 919 quindecim
695 865 756 907 ante
793 869 920 919 apparere
940 856 966 907 in
987 856 1029 905 ed.
1052 857 1137 907 Maeli.
1156 859 1178 906 sl
1196 873 1227 907 ea
1248 858 1313 908 Mes.

234 945 314 982 annos
324 931 357 981 de
369 930 458 980 iiadenr
470 931 571 993 populis
586 931 757 997 triumphasse
792 931 879 994 laudo,
889 933 934 983 sed
945 936 1067 985 monitum
1077 943 1236 999 oportuerat.
1261 934 1313 984 Sed

234 1007 344 1057 testibus
352 1006 504 1069 Capitolinis
514 1006 655 1068 triumphis.
665 1008 758 1059 deleti.
793 1010 836 1058 ria
846 1008 895 1059 hoo
905 1011 1050 1060 verosimile
1065 1025 1097 1060 ex
1114 1020 1174 1061 nota
1187 1010 1317 1076 sequenti.

228 1083 339 1148 ‚Vulgari
357 1082 389 1132 Ι..
403 1082 495 1131 Decies
511 1083 627 1133 Marsus:
643 1085 757 1150 itemque
792 1085 878 1136 Arata.

233 1160 366 1223 Valerius,
390 1160 507 1220 Tacitus,
532 1161 684 1224 Frontinum
705 1164 755 1215 ,aiil
829 1160 1023 1227 Volsiniensibus]
1040 1162 1129 1214 Debet
1145 1163 1197 1228 legi
1213 1164 1315 1215 cmis-

233 1235 358 1298 Dees'sses,
369 1242 398 1286 ut
409 1236 620 1287 notatScluottus.
637 1238 756 1301 Sigonius
790 1237 953 1299 gisimsiluu
969 1239 1115 1290 testimonio
1125 1241 1231 1290 Senecas
1248 1241 1274 1289 in
1289 1255 1316 1290 e·

231 1311 273 1363 Μ.
284 1312 374 1361 Fulvio
385 1312 477 1361 Flacco
493 1312 549 1361 hteo
564 1311 690 1363 sdserilsit
701 1319 756 1364 110.
794 1314 893 1375 pistolis
905 1315 1039 1363 scribentis
1050 1329 1107 1364 eum
1119 1317 1201 1379 primo
1218 1316 1316 1367 Puuioo

232 1388 358 1454 213911.
391 1388 483 1439 Cioero
492 1388 567 1438 Ture·
576 1390 674 1441 Queat.
686 1405 705 1440 r.
716 1395 757 1443 ⁸⁷.
795 1387 861 1437 bello
873 1389 948 1439 vietis
964 1389 1214 1452 Carthaginiensibus
1232 1393 1316 1443 elssse

232 1462 315 1515 tradit
331 1464 434 1515 tertium
445 1471 451 1494 ¹
462 1464 587 1515 Decioru’
598 1466 691 1532 Pyrrhi
704 1468 757 1518 bel·
793 1464 819 1514 id
832 1468 956 1515 meruisse
965 1479 1122 1528 cognomen3
1138 1467 1206 1530 quod
1218 1477 1244 1517 et
1264 1469 1315 1519 Ln-

232 1542 260 1593 lo
275 1555 304 1592 se
313 1541 422 1592 hostium
435 1542 493 1592 telis
504 1541 638 1606 objecisse.
671 1545 757 1597 Quare
794 1541 848 1589 nius
862 1541 952 1590 Florus
964 1541 989 1590 iu
1003 1542 1067 1590 Livii
1079 1542 1204 1605 Epitouris
1216 1545 1247 1593 lia
1258 1560 1315 1595 ves·

233 1619 359 1669 eunitae
371 1632 423 1667 nno
433 1616 488 1667 fere
499 1620 640 1681 eodemque
657 1627 757 1685 tempo·
795 1614 833 1665 bis
841 1616 923 1666 innuit
935 1633 941 1663 :
956 1617 1316 1681 ‘OriaoCartlrsgiuienslumr

231 1693 757 1754 ”acciderintmrederemauctoremeou-
794 1697 822 1741 et
840 1691 976 1755 primordia
993 1692 1064 1742 urbis
1075 1692 1236 1743 referuntur:
1254 1708 1316 1745 cort·

234 1768 331 1822 lindisse
348 1773 390 1820 luas
407 1771 535 1829 historias,
546 1781 573 1822 ot
585 1773 666 1823 Decio
677 1774 756 1824 tribu·
794 1774 833 1817 lt!
844 1784 917 1833 quior,
927 1778 954 1820 st
963 1769 1101 1819 Hieronem
1114 1784 1198 1834 regem
1207 1771 1316 1835 Syracu·

233 1846 293 1903 isse,
305 1848 371 1911 quod
384 1850 427 1897 uni
438 1863 453 1896 s
464 1848 537 1897 Coss.
555 1848 623 1898 lilius
641 1851 700 1899 anui
713 1853 756 1900 tri·
794 1860 912 1895 asnorum
924 1847 1045 1896 auxilium
1057 1846 1218 1896 Mamertinis
1231 1844 1315 1898 feren·

232 1922 446 1976 bnendomesset.
465 1924 530 1974 Vide
541 1925 758 1989 Piglt.Ann.tom.
794 1922 853 1972 dum
871 1925 971 1973 censuit
983 1934 1094 1975 senatur.
1127 1923 1194 1974 Tum
1208 1925 1316 1988 primun

233 2014 255 2051 r.
271 2005 328 2051 tut.
361 2002 449 2054 Quare
464 2015 515 2050 non
532 2001 650 2051 inmerito
666 2003 756 2054 Nostri
794 2014 864 2049 mete
875 2000 1005 2064 equitibus
1017 2002 1138 2051 Romanis
1153 2001 1317 2066 transgressis

231 2076 312 2130 tidem
324 2086 468 2142 suspectam
476 2077 555 2127 inaltet
565 2078 612 2127 Tit.
621 2081 757 2142 Dempste·
794 2075 916 2126 adsersus
927 2077 1065 2127 Hieronem
1073 2079 1167 2141 sepius
1176 2077 1242 2128 beno
1253 2093 1317 2141 pug-

234 2155 316 2205 suain
328 2156 432 2206 Etruria
443 2156 531 2218 Regali
544 2169 581 2205 ιν.
593 2161 633 2206 lu.
655 2157 758 2209 Merene
794 2152 900 2202 mlum!
920 2153 1001 2203 Meci·
1037 2154 1192 2204 Volsinienses
1216 2155 1318 2205 retineo

235 2239 322 2283 tamen
351 2234 462 2282 retinent
483 2241 594 2296 quatuor
617 2233 707 2295 scripti
729 2243 757 2284 et
794 2229 947 2279 Moneta·
984 2228 1129 2280 Voltittstttet
1145 2245 1161 2279 ι
1176 2228 1317 2281 ‘Volsinit'

234 2309 308 2372 editi,
319 2308 390 2360 delet
402 2324 462 2359 sero
478 2311 594 2360 Gratum.
610 2319 639 2358 et
649 2311 757 2359 Veneta.
795 2304 896 2369 quidam
908 2305 1076 2368 scripserunt.
1092 2305 1182 2356 Selom

235 2384 498 2436 unlustauneetm
508 2386 572 2435 Mssa.
598 2386 648 2435 Sed
660 2396 687 2437 et
697 2388 758 2438 alibi
829 2371 939 2445 efflet]
954 2383 1003 2432 Vel
1023 2385 1104 2434 Codex
1121 2392 1268 2448 utrumque,
1288 2391 1318 2435 ut

123 2454 126 2461 ’
235 2460 291 2509 liare
311 2462 349 2511 ita
367 2460 488 2510 confundi
504 2461 594 2512 docuit
609 2462 709 2514 Duker.
726 2465 759 2515 ad
794 2457 1105 2521 ‘plaustrumplostrum’
1136 2460 1185 2508 Eat
1196 2457 1317 2508 autemid

235 2537 307 2587 Flos.
317 2552 337 2588 r.
350 2540 413 2601 ll.§
426 2541 449 2586 l.
463 2540 548 2589 Ante.
796 2533 893 2584 dietum
914 2536 1011 2598 liguum
1034 2535 1163 2585 crassioris
1182 2536 1296 2584 materias
1309 2551 1315 2581 ε

271 2614 371 2676 Omnes]
389 2613 508 2676 Quinque
527 2613 603 2664 codd.
623 2622 652 2666 ee
672 2631 760 2668 omne.
795 2609 1036 2662 inde‘eaudiosriae
1049 2612 1143 2663 nasus’
1155 2612 1240 2662 dicte.
1261 2611 1317 2661 Sal·
1339 2622 1343 2629 '

234 2689 300 2741 editi
316 2705 394 2739 omres
409 2695 451 2739 oet
468 2690 494 2739 is
510 2705 609 2741 meere.
635 2692 760 2745 Ediderat
795 2688 854 2737 ¹⁰⁸¹·
872 2690 1013 2742 ‘Quodam
1034 2689 1070 2738 ibi
1087 2702 1165 2738 usses
1182 2688 1318 2738 codicariae

234 2766 264 2817 ln
280 2765 342 2814 min.
353 2767 395 2814 ed.
405 2765 526 2815 Schottos
544 2773 572 2814 et
587 2766 641 2830 ejus
654 2770 759 2819 asseelte
795 2780 843 2830 per
858 2766 975 2831 hyemem
994 2766 1124 2816 fabricate
1140 2765 1239 2815 onettlte
1256 2765 1317 2816 ade·

238 2843 337 2893 uanus
346 2842 663 2908 “permitisnreerelfn
702 2846 759 2896 Nee
795 2841 871 2892 rant.'
888 2843 970 2892 Mori.
997 2843 1060 2892 Mas.
1071 2843 1190 2891 librorum
1198 2844 1318 2908 eaaerip·

236 2926 323 2968 tamen
335 2919 485 2967 mutationis
496 2918 568 2967 addit
580 2933 705 2985 ranetam,
717 2936 760 2970 ne·
796 2927 855 2970 tora
871 2924 920 2982 est,
933 2928 961 2968 et
974 2919 1084 2969 Csadieis
1099 2918 1201 2971 t'ormst.
1233 2921 1316 2973 Colln.

236 3007 288 3059 que
309 3007 357 3058 ego
379 3009 435 3043 eam
457 2994 540 3044 rideo.
571 2995 696 3047 Restituit
715 3007 759 3049 aut
795 2997 931 3061 etrnlgsti
945 2997 1044 3046 Cordus
1056 2996 1180 3053 caderis.
1195 3011 1245 3047 nou
1263 3012 1319 3050 ree·

234 3072 296 3124 ideo
306 3075 332 3125 ln
343 3074 504 3136 servitutem,
514 3074 574 3138 quia
584 3077 696 3141 antiquis
706 3091 759 3127 uro·
795 3079 823 3121 te
835 3087 842 3121 ι
859 3073 925 3122 liber
937 3073 1017 3137 antiq.
1030 3074 1129 3123 Coeden
1138 3074 1224 3125 dulas.
1241 3075 1317 3127 Unde

237 3151 307 3201 ribus
319 3152 406 3202 liberti
417 3151 512 3214 ingrati
523 3153 614 3202 iterum
632 3154 698 3202 servi
715 3154 760 3204 fia·
796 3157 883 3200 autem
907 3150 1006 3201 Caedes
1025 3150 1119 3212 dictos,
1141 3152 1199 3201 vids
1225 3152 1318 3204 Senes.

236 3231 434 3294 aent‚qoonianr
450 3229 523 3278 libari
539 3244 595 3280 ease
610 3232 760 3283 nescissent.
797 3225 980 3289 Philosophum
1002 3225 1034 3275 de
1055 3227 1189 3278 Brevitate
1207 3229 1274 3279 Vitae
1294 3241 1320 3277 e·

236 3306 255 3357 l.
266 3310 290 3357 4.
300 3307 357 3356 nod.
368 3307 401 3355 de
413 3306 510 3356 Libert.
522 3315 549 3355 et
559 3320 612 3357 eor.
620 3307 664 3359 lib.
683 3309 760 3358 Sara·
798 3306 838 3352 18.
860 3303 895 3352 Et
911 3300 1078 3366 ‘codicarioe,'
1093 3304 1134 3354 vel
1151 3304 1317 3355 ‘centinaria

238 3398 269 3435 so
279 3381 312 3433 ad
324 3382 456 3433 Sidonium
472 3382 559 3446 Apoll.
574 3383 656 3446 Epist.
667 3397 709 3435 tx.
722 3388 762 3435 tu.
796 3377 892 3427 utvet'
908 3377 975 3442 apud
996 3380 1105 3430 Nonium
1125 3396 1140 3430 e
1158 3383 1272 3431 Varrone
1289 3386 1318 3428 et

236 3458 663 3512 &amonerentur-xmus.
680 3474 720 3510 es.
734 3465 761 3512 2.
796 3455 927 3506 Sallustio.
943 3455 1063 3507 &imiss-
1094 3454 1236 3507 Commod
1250 3455 1318 3507 rtur.

237 3543 267 3588 et
275 3536 420 3586 Samuelem
431 3533 546 3583 Petitsuu
558 3533 584 3583 in
596 3533 760 3599 Aplissiseo
796 3544 828 3582 tt.
846 3536 872 3582 2.
890 3534 939 3598 §m
973 3532 1070 3584 Omnes
1087 3540 1171 3581 umen
1187 3530 1278 3592 scripti
1289 3534 1319 3579 at

238 3611 428 3665 Commentario
447 3609 479 3659 ad
499 3610 564 3673 Isse.
581 3609 639 3661 Att.
660 3628 686 3675 p.
704 3616 761 3664 tel.
797 3610 927 3674 plerusque
938 3609 997 3660 edd.
1008 3611 1100 3658 vitiose
1109 3606 1196 3655 sedux.
1213 3605 1301 3655 Arnta.

237 3692 324 3745 Asela.
830 3686 917 3736 Frater
929 3685 1004 3747 Cari]
1021 3681 1074 3732 Alii
1087 3680 1170 3739 srsisr
1185 3681 1245 3730 dieti
1263 3682 1316 3730 Ca·

271 3768 340 3819 cue.
359 3779 470 3817 xxxrsr.
502 3767 516 3831 ς
537 3768 550 3814 1
572 3764 661 3830 Victis]
682 3766 760 3818 Velei-
795 3762 902 3827 &qnod
913 3758 1041 3822 auteojsss
1052 3755 1218 3808 meminisset.
1234 3756 1319 3810 Salas·

237 3846 348 3897 sensiles
365 3845 405 3894 rei
425 3844 615 3894 Velatiaetrsilrss
632 3845 694 3895 Mas.
709 3860 759 3896 non
796 3845 843 3890 las.

236 3923 362 3973 inusitata
389 3920 520 3971 varietate.
564 3920 630 3970 Vide
661 3920 761 3971 Heres·
828 3909 1219 3981 §numerumnunerum
1242 3911 1318 3964 Clau·

239 4013 323 4064 semp.
340 3996 373 4047 ad
389 3997 497 4046 Tertull.
513 3996 623 4061 Apolog.
640 4012 664 4047 e.
675 4001 716 4047 as.
734 4011 760 4061 p.
797 3990 854 4040 dius
865 3988 952 4039 consul
967 3987 1100 4035 trsduoers
1118 3987 1205 4049 copies
1217 3987 1242 4036 iu
1252 3989 1318 4039 Siei-

240 4078 297 4127 aen.
330 4075 425 4124 Posses
442 4072 499 4121 fieri
517 4081 546 4123 ue
563 4071 603 4122 h·
615 4072 672 4123 elue
685 4087 761 4124 voce.
796 4066 855 4115 llam
867 4072 895 4113 et
905 4062 1069 4113 Mumertinis
1080 4076 1155 4125 opeuu
1175 4060 1245 4113 ferre
1260 4063 1317 4129 jus·

245 4146 508 4201 Vletisl'olsisiessidus
517 4149 593 4214 eulpa
602 4148 761 4200 librariorum
796 4138 1031 4209 snsproieotionern
1041 4139 1166 4206 parabat:
1184 4140 1320 4195 Mamerti·
