3074 5040
165 357 232 425 868
493 368 701 422 recussus·
716 369 934 422 eerrrouun

166 506 304 597 Eutropii
319 515 422 577 libs.
435 532 503 576 cum
524 530 603 575 vrri.
626 514 709 575 libris
738 514 845 576 additt.
867 515 975 576 Paulli
998 508 1087 578 Diae.
1112 508 1172 583 &o
1186 522 1268 600 opud

166 614 293 675 Petrum
307 612 344 672 de
358 612 389 671 la
403 613 546 672 Iloviere.

204 718 285 773 1611
307 711 469 780 Hanoviae,
496 709 552 769 sol.
586 710 726 769 Messala
747 708 906 782 Coruinus,
932 710 1018 771 Sext.
1047 712 1125 772 Aur.
1151 707 1268 785 Victor,

165 808 295 870 Paullus
310 808 474 879 Diaconus,
490 807 577 868 Sext.
595 805 707 877 Rufus,
719 807 794 866 iuter
808 806 892 867 Hist.
905 808 992 887 Aug.
1007 807 1173 890 Scriptores
1186 809 1269 870 lati-

165 926 219 969 uos
230 906 363 967 Minores
376 927 395 965 1
407 904 426 963 J
429 925 487 964 uno
501 902 632 964 Grutero
644 903 749 963 editos.

205 1010 286 1064 1616
307 1001 477 1063 Amstelod.
498 1002 546 1062 vel
569 1001 665 1081 Lugd.
688 1002 759 1061 Bat.
784 1007 832 1062 16.
876 1001 910 1061 S.
927 1001 1005 1063 Aur.
1023 1001 1144 1074 Victor,
1168 1001 1270 1062 Rufus

171 1099 284 1171 Festus,
300 1100 433 1159 Messala
448 1098 605 1168 Corvinus,
622 1098 785 1177 Eutropius
798 1099 828 1156 in
840 1096 933 1158 Rom.
951 1097 1037 1159 Hist.
1053 1098 1204 1180 Epitome.

205 1205 286 1258 1626
307 1196 454 1264 Genevae,
467 1195 521 1256 fot.
544 1195 688 1265 Messala,
718 1194 836 1265 Victor,
859 1193 972 1267 Rut'us,
989 1198 1023 1255 ‘et
1042 1196 1213 1279 Eutropius,
1240 1197 1269 1254 in

166 1295 275 1355 recusis
288 1294 411 1372 Scriptt.
427 1291 511 1354 Hist.
532 1292 626 1355 Rom.
643 1291 767 1352 Latinis.
810 1293 905 1372 Apud
927 1293 1048 1353 viduam
1069 1295 1157 1354 Petri
1178 1294 1216 1354 de
1241 1295 1272 1353 11

166 1389 306 1451 Roriere.
1000 1415 1004 1421 -

206 1490 285 1544 1625
306 1484 542 1553 Amsterodarni‚
564 1488 618 1544 24.
641 1483 727 1542 Sext.
743 1482 821 1544 Aur.
837 1483 958 1553 Victor,
974 1486 1060 1546 Sext.
1075 1485 1177 1546 Rufus
1200 1487 1272 1547 Fes-

163 1591 223 1652 tus,
237 1579 371 1640 Messala
392 1581 550 1649 Coruinus,
575 1579 747 1658 Eutropius,
771 1581 823 1656 (cx
846 1599 906 1640 rec.
929 1581 1049 1656 Vineti)
1076 1600 1144 1640 cum
1170 1582 1272 1654 Floro,

166 1677 288 1739 Velleio
303 1721 310 1736 .
324 1723 332 1741 .
345 1721 353 1737 .
368 1677 482 1737 Paullo
498 1675 589 1735 Diac.
605 1676 795 1747 cassiodoro,
809 1676 973 1747 Jornande,
997 1686 1028 1737 et
1052 1677 1272 1758 Exuperantio,

165 1775 195 1836 in
211 1775 294 1835 Hist.
310 1774 402 1836 Rom.
419 1774 569 1854 Epitome.
611 1771 785 1833 Amsterod.
801 1793 851 1854 ap.
874 1773 999 1836 Guiliel.
1013 1774 1111 1835 Jauss.
1127 1774 1272 1838 cresium.

208 1879 288 1932 1629
309 1871 446 1950 Lugduni
461 1872 571 1931 Baton.
598 1879 650 1932 12.
674 1870 809 1931 Elzevir.
830 1871 1019 1952 Respublica
1041 1871 1185 1931 Romana
1205 1883 1274 1953 post

167 1967 320 2030 Velleium
333 1979 365 2030 et
377 1967 498 2030 Flomm
512 1968 605 2028 habet
616 1968 774 2027 Aurelium
795 1967 963 2040 Victorem,
989 1969 1178 2049 Eutropium,
1197 1969 1272 2029 Cas-

165 2065 315 2127 aiodorum
329 2073 386 2127 &e
401 2085 474 2128 curs
483 2065 572 2126 Petri
587 2064 736 2125 Scriverii.

207 2171 287 2225 1660
308 2163 477 2225 Amstelod.
490 2170 541 2222 12.
561 2161 657 2222 Iidem
671 2181 740 2224 curu
756 2160 879 2243 Scriptt.
893 2163 1000 2222 ceteris
1013 2163 1183 2223 minoribus.
1236 2181 1239 2183 *

207 2268 288 2322 1662
310 2261 406 2340 Lugd.
421 2261 492 2323 Bat.
508 2267 556 2320 12.
576 2281 615 2320 ex
629 2258 707 2322 offic.
721 2258 771 2321 Jo.
787 2260 903 2320 Mairii.
918 2267 937 2319 6
950 2261 1022 2322 voll.
1048 2259 1192 2319 Historioe
1205 2256 1273 2316 An·

166 2368 260 2438 gastae
275 2359 442 2438 Scriptores
456 2357 555 2418 Latini
566 2358 705 2427 minores,
720 2377 760 2416 ex
774 2358 943 2417 recensione
960 2357 1006 2417 M.
1019 2357 1121 2416 Zuerii
1136 2355 1274 2415 Boxhor·

167 2455 220 2516 nii.
262 2453 300 2513 In
315 2453 373 2513 line
387 2454 506 2513 additas
524 2454 615 2513 lrabet
634 2454 850 2533 inscriptiones,
865 2474 932 2533 quae
955 2452 1183 2534 Imperatorum,
1202 2470 1274 2528 quo·

166 2552 313 2612 rnm‘vitae
326 2551 374 2610 hic
388 2551 606 2622 describuntur,
626 2551 807 2611 mentionem
822 2551 949 2622 faciunt,
963 2550 1144 2617 illustriores,
1158 2566 1272 2605 necnon

167 2646 334 2705 Boxhornii
347 2651 376 2705 iu
390 2648 470 2725 ipsos
484 2647 552 2706 illos
570 2649 726 2727 scriptores
748 2646 1028 2708 animadversiones.
1072 2644 1179 2704 Editor
1191 2643 1273 2703 lraud

165 2741 257 2801 semel
270 2741 405 2800 dissentit
416 2762 485 2801 cum
494 2743 643 2802 Solmosio
655 2763 663 2811 ς
676 2764 730 2802 nec
739 2744 783 2804 ita
796 2744 960 2804 Salmasius
974 2750 1154 2824 praeceperat
1161 2740 1273 2810 omnia,

166 2844 200 2898 ut
212 2836 292 2897 haud
306 2837 450 2896 inveniret
471 2837 673 2909 Boxhornius‚
688 2840 717 2899 in
736 2861 797 2920 quo
813 2841 905 2921 ipsius
917 2840 1072 2922 diligentia
1085 2837 1274 2898 laudabiliter

165 2942 266 3016 posset
290 2933 409 2992 versari.
465 2932 668 3014 Reperiuntur
694 2957 765 2996 vero
790 2939 820 2996 in
841 2939 898 2997 hac
922 2937 1118 2998 collectione:
1142 2935 1181 2997 C.
1208 2934 1273 2995 Jul.

167 3029 287 3101 Florus,
309 3030 351 3090 P.
366 3028 505 3089 Velleius
520 3030 710 3102 Paterculus,
725 3033 798 3093 Sex.
827 3035 906 3096 Aur.
928 3033 1047 3107 Victor,
1074 3033 1148 3097 Sex.
1175 3032 1276 3093 Rufus

167 3126 286 3199 Festus,
311 3125 444 3187 Messala
465 3126 624 3200 Corvinus,
640 3131 810 3210 Eutropius,
827 3131 1034 3203 Cassiodorus,
1050 3132 1088 3192 C.
1104 3129 1286 3200 Suetonius,

167 3223 264 3288 AElius
281 3224 457 3305 Spartianus
469 3245 537 3285 cum
550 3226 649 3297 sociis,
663 3236 695 3287 et
708 3227 889 3287 Ammianus
903 3228 1110 3289 Marcellinus.

209 3327 288 3384 1647
310 3321 550 3383 Amsterod.12.
574 3322 607 3383 S.
629 3323 706 3383 Aur.
721 3323 842 3396 Victor,
865 3324 982 3395 Festus,
1003 3327 1097 3387 Mess.
1118 3325 1275 3391 Corvinus,

168 3417 340 3499 Eutropius,
350 3440 418 3478 cum
429 3419 530 3488 Floro,
543 3418 676 3491 Velleio,
692 3421 721 3478 in
736 3420 822 3482 Hist.
838 3420 930 3483 Rom.
946 3423 1085 3502 Epitome
1098 3418 1276 3501 apud-lons·

166 3533 292 3575 sunium.

207 3617 291 3671 1649
312 3611 448 3691 Lugduni
463 3612 596 3673 Β1112.
620 3611 718 3672 Iidem
732 3613 761 3672 in
776 3614 860 3675 Hist.
875 3613 968 3676 Rom.
983 3615 1122 3695 Epitome
1135 3631 1152 3669 e
1167 3609 1275 3668 Museo

168 3705 243 3768 Nic.
256 3707 431 3768 Blaucardi.
443 3729 493 3789 ap.
508 3708 586 3769 Adr.
602 3709 827 3789 Wyugserden.
1010 3777 1016 3786 ,

208 3810 288 3864 1666
307 3802 451 3874 Genevae,
478 3804 532 3864 fot.
560 3805 835 3868 Pseudo-Messala
863 3808 955 3869 Corn.
985 3806 1028 3867 S.
1046 3804 1125 3864 Aur.
1154 3801 1274 3871 Victor.

168 3899 281 3961 Sextus
294 3900 396 3961 Rufus
408 3922 432 3960 s.
448 3902 564 3974 Festus,
581 3903 746 3982 Eutropius
758 3923 825 3962 cum
839 3903 907 3962 aliis
919 3908 948 3962 in
963 3902 1024 3963 rol.
1041 3918 1063 3960 t.
1077 3901 1173 3980 Corp.
1190 3898 1275 3959 Hist.

169 3994 261 4056 Rom.
275 4019 313 4057 ex
324 3996 372 4056 ed.
388 4005 477 4062 1606.
491 4009 522 4059 et
537 4007 625 4060 1626.
638 3999 756 4080 repetiti
767 4019 817 4079 ap.
831 3999 913 4058 Scin.
930 3997 1058 4061 Clrouet.

209 4098 287 4155 1667
310 4094 462 4165 Salmurii,
490 4105 519 4156 n.
544 4097 705 4178 Eutropius
730 4105 763 4156 et
788 4096 867 4156 Aur.
896 4095 1015 4168 Victor,
1041 4117 1109 4158 cum
1137 4095 1277 4157 brevibus

168 4189 278 4249 notulis
290 4189 366 4250 Tan.
380 4191 481 4251 Fabri.
