3074 5040
209 329 275 394 5³0
553 340 662 390 uonn
686 336 892 388 vacronuss
916 339 956 387 ru

211 487 328 550 equiturn
340 499 442 550 qaoque
453 484 543 540 refert,
563 485 609 533 sed
629 485 661 533 Α.
677 485 741 534 Cor·
778 482 845 532 Vide
857 482 952 532 ibidem
962 487 1035 533 cib.
1068 481 1247 534 Dallloacuris
1259 499 1302 533 uo·

210 566 306 613 nelinru
318 564 425 613 Cossum
436 562 502 611 male
514 563 637 612 nominat.
653 563 740 612 livius
777 575 807 609 ro
831 570 905 623 parta
925 560 1035 610 uictoria
1063 563 1247 626 appetentibus
1269 562 1302 610 ud

211 638 690 692 etiamlib.1u.adanunmccxxurs.
707 638 740 688 Α.
778 637 905 701 Regillum
932 644 1020 686 namet
1045 636 1070 687 lu
1091 646 1168 701 gente
1195 638 1302 686 donritia

211 716 271 767 eor.
282 717 363 766 Cosso
383 716 483 774 tribuit,
503 717 543 765 M.
563 716 666 765 AEmilio
682 715 740 764 Ma·
777 711 1008 763 Ahenobarborum
1024 714 1185 778 Tranquillus
1205 715 1230 762 in
1250 714 1303 762 Ne·

210 794 326 842 mercino
346 793 479 841 dictatore.
515 793 583 840 Vide
601 793 630 842 C·
652 793 740 854 Sigon.
778 806 841 841 roua
851 806 909 854 cap.
922 794 944 839 1.
963 791 1109 857 ibidemque
1130 791 1257 843 Nummos
1273 793 1303 840 Τ.

211 871 321 920 Emend.
342 885 375 919 ιι.
398 875 440 919 22.
457 871 551 919 Sebott.
594 870 740 920 Comment.
778 866 867 918 Albini
880 867 947 932 apud
959 867 1231 919 Torrentium.Seltott.
1259 869 1302 917 ΙΕ-

209 947 243 998 ad
256 949 323 997 Flor.
335 961 355 995 r.
368 950 407 996 ll.
419 948 432 1009 ι
445 950 469 994 8.
485 946 568 995 Arutz.
777 946 830 992 dem
840 945 888 994 boc
898 946 956 993 loco
970 945 1125 1007 supplebunt
1143 955 1234 993 contra
1252 959 1306 994 om·

243 1022 421 1088 Equissretsos]
436 1023 525 1071 Simile
545 1022 608 1072 iilud
629 1023 741 1074 Cessatis
778 1020 935 1069 nasomnino
947 1020 1023 1071 codd.
1037 1022 1084 1070 viri
1102 1021 1182 1084 docti,
1193 1022 1238 1069 sed
1255 1035 1304 1084 ego

212 1101 281 1165 apud
293 1100 436 1148 Suetonio
452 1097 524 1148 dulio
541 1113 598 1162 cap.
610 1103 652 1147 bu.
669 1099 741 1150 ‘Qui
778 1099 844 1146 banc
852 1111 942 1146 vocem
950 1111 1001 1145 non
1012 1111 1169 1160 magnopere
1180 1096 1307 1156 desidero,

210 1174 318 1237 ancipiti
328 1174 424 1235 ‘pretio
443 1187 523 1236 equos
536 1173 694 1229 dimittebat,
713 1180 742 1222 et
779 1188 837 1224 enm
849 1175 929 1223 sciam
941 1183 1014 1223 tecte
1026 1173 1077 1223 dici
1094 1174 1232 1223 ‘dedicare
1241 1173 1249 1196 ’
1259 1173 1306 1222 sli-

209 1252 236 1301 iu
249 1251 488 1314 primissuunr,quo
498 1249 581 1312 major
591 1264 741 1312 permanen·
778 1265 863 1315 qoem,
882 1265 930 1314 pro
946 1249 1086 1299 ‘dedicare
1104 1247 1204 1298 tedem’
1220 1250 1307 1311 alicui,

211 1329 237 1375 ιιι
249 1328 396 1390 ιιεοιιιιιιιιι
408 1327 584 1387 imponeretur
598 1325 741 1394 auxiliqtu·
778 1333 807 1375 et
826 1333 925 1374 statnaa
942 1325 999 1374 Diis
1022 1326 1132 1388 erigere.
1164 1325 1255 1375 Cicero
1274 1326 1306 1373 de

210 1419 250 1466 gas
268 1402 384 1465 erepto!
407 1403 503 1451 Seme.
557 1403 636 1452 Haud
660 1404 741 1452 semel
778 1402 844 1451 Nat.
871 1403 954 1451 Deor.
972 1413 1003 1450 ιι.
1022 1405 1064 1450 dl·
1085 1400 1192 1457 ‘Fidem
1216 1402 1305 1456 uirtus,

211 1481 278 1528 bene
302 1481 427 1528 tuccessit
444 1478 571 1542 ejusmodi
589 1478 740 1528 mandatum
777 1477 917 1526 concordia
929 1485 1089 1527 consecratas
1100 1484 1128 1525 et
1144 1477 1250 1540 publice
1262 1477 1306 1524 de·

210 1555 296 1618 ducis,
307 1555 521 1620 quemadmodum
538 1569 588 1604 uon
609 1569 685 1618 parce
701 1569 740 1603 oa·
779 1555 873 1605 dicatae
891 1553 972 1604 sunt.'
1005 1552 1084 1603 Ouid.
1102 1553 1174 1602 Fast.
1192 1567 1231 1602 vr.
1248 1557 1306 1602 ott.

212 1633 344 1682 tendimus
356 1632 388 1681 ad
411 1633 476 1682 Livii
498 1631 591 1681 librum
611 1639 741 1694 octauum,
778 1633 833 1683 ‘'l'e
856 1646 958 1697 quoque
981 1629 1126 1695 magnilica,
1152 1631 1309 1692 Concordia,

211 1713 299 1774 eapite
311 1710 454 1760 tricealruo.
473 1711 548 1759 Grai·
779 1710 887 1760 dedicat
899 1708 976 1759 ade!
1009 1710 1134 1760 Quamuis
1146 1715 1234 1757 autem
1252 1707 1308 1756 bac

244 1790 258 1852 ι
272 1791 286 1837 Ι
308 1786 416 1849 Virtute]
432 1785 563 1835 Candidos
582 1785 649 1834 euim
662 1799 741 1850 equos
779 1787 848 1837 aedes
859 1787 986 1838 communi
998 1786 1075 1835 titulo
1086 1781 1206 1835 dedicata
1217 1782 1308 1845 inerit,

212 1861 363 1914 Castoribus
371 1862 491 1912 attribuit
503 1860 620 1910 t’abnlosa
628 1863 740 1925 antiqui·
779 1866 833 1913 solo
850 1873 937 1913 tamen
949 1863 1064 1914 Castoris
1074 1862 1177 1911 nomine
1188 1861 1309 1924 insignie-

212 1951 260 1992 taa.
295 1939 741 2003 PacatusPetteq.c.89.§d.‘Cu-
779 1941 864 1990 batur.
896 1941 995 1990 Seneca
1006 1941 1038 1989 de
1050 1941 1139 1990 const.
1151 1935 1213 2002 Sap.
1231 1952 1255 1987 c.
1268 1941 1307 1986 ll.

213 2028 289 2067 toras·
308 2018 423 2081 geminos
453 2015 598 2065 albentibus
621 2015 694 2078 equis
713 2021 742 2063 et
779 2016 847 2067 ‘Qui
860 2016 892 2064 ad
905 2016 1017 2066 Castoris
1029 2013 1212 2076 negotiantur-¹
1235 2015 1307 2063 Cice·

213 2095 324 2146 stellatis
336 2094 454 2157 apicibus
473 2092 603 2155 insignes!
621 2093 708 2141 Acuta.
781 2107 810 2142 ro
823 2108 869 2155 pro
881 2093 978 2141 Milone
988 2107 1011 2140 e.
1019 2095 1043 2138 7.
1055 2091 1177 2141 Graevius
1187 2090 1219 2139 ad
1231 2091 1307 2140 Orat.

244 2175 330 2222 AEdem
340 2171 472 2235 dedicarit]
489 2170 540 2225 lta,
552 2171 578 2220 ni
590 2169 677 2232 fallor,
688 2185 742 2219 otu·
780 2185 827 2234 pro
839 2171 948 2222 Quintio
959 2185 982 2218 c.
991 2173 1017 2218 t.
1028 2178 1057 2219 ct
1074 2169 1150 2218 Seru.
1164 2169 1195 2217 ad
1216 2168 1309 2230 virgil.

211 2250 273 2298 nino
296 2249 446 2311 legendum:
466 2256 601 2297 exstructa
614 2261 675 2296 uero
692 2245 742 2295 tots
780 2247 882 2309 Georg.
902 2260 944 2296 ιιι.
956 2250 998 2295 89.
1027 2247 1121 2296 Castor
1140 2247 1209 2294 enirn
1226 2246 1309 2308 digni·

212 2326 282 2373 ardea
306 2339 385 2388 anper
407 2322 473 2386 toro,
492 2325 535 2372 ubi
557 2327 611 2372 risa
628 2331 688 2373 suut
708 2324 743 2371 al·
780 2325 915 2387 tatequasi
929 2323 1106 2386 praecedebat,
1118 2323 1186 2372 unde
1198 2317 1309 2386 tstoique

212 2400 335 2461 mulsere,
355 2406 382 2447 et
399 2399 475 2460 juxte
493 2414 549 2447 enm
572 2397 630 2448 t⁴ons
650 2413 742 2447 sacer:
781 2416 831 2451 nuo
859 2403 960 2450 nomine
988 2402 1107 2452 Castores
1134 2400 1308 2463 appellantur.

212 2475 254 2523 bis
272 2474 327 2522 Diis
348 2475 514 2524 Postbumins
526 2475 593 2524 filius
608 2476 744 2524 dictatoris
780 2478 876 2527 Minue.
890 2478 962 2526 Felix
972 2477 1067 2526 Oetae.
1078 2491 1139 2540 cap.
1149 2480 1190 2525 2⁷.
1208 2474 1307 2523 Aruob.

212 2565 269 2599 oant
277 2549 418 2599 dedicauit.
428 2550 530 2602 Titulus
539 2552 743 2613 inscriptionem,
780 2552 839 2602 adr.
851 2552 951 2603 Gentes
963 2567 982 2601 ι.
993 2558 1034 2602 ιιι.
1051 2552 1161 2601 Tertull.
1176 2551 1207 2597 de
1218 2551 1308 2612 spect.

212 2627 346 2686 bonorem,
357 2628 466 2674 militent
483 2641 535 2675 reni
556 2628 685 2689 publicam
697 2626 742 2674 de·
780 2642 803 2679 c.
816 2632 841 2677 8.
874 2628 905 2678 ln
919 2627 995 2678 Actia
1012 2628 1103 2691 Apost.
1121 2640 1145 2674 c.
1157 2637 1261 2674 xxvtrr.
1273 2639 1310 2671 aa.

212 2700 362 2751 tendentem
374 2702 480 2751 indicat.
490 2704 571 2752 Moclr.
604 2703 677 2752 Vidit
686 2704 742 2753 Ma·
781 2708 821 2754 ll.
831 2712 839 2734 ⁴
849 2705 897 2755 Cui
909 2713 966 2753 erat
979 2704 1079 2766 insigne
1091 2700 1252 2752 Castorumz'
1271 2699 1309 2749 ita

213 2778 409 2840 clraueua,vidit
423 2785 449 2826 et
462 2779 639 2842 Lycostbenas
651 2780 743 2829 deesse
780 2784 864 2830 versio
879 2781 1000 2844 vulgatu
1018 2782 1043 2828 ln
1059 2786 1133 2828 textu
1153 2778 1248 2828 Graeco
1264 2777 1308 2826 ba·

212 2854 323 2919 aliquid:
336 2868 382 2903 noa
393 2869 427 2904 ex
437 2854 573 2918 Agrippin.
581 2856 639 2905 cod.
647 2869 743 2905 excuso
780 2857 873 2908 benum
884 2858 1031 2922 Διόσκουροι.
1048 2858 1135 2907 Arata.

212 2932 350 2983 admodum
372 2939 475 2981 vetusto
486 2934 559 2982 edent
576 2932 742 2984 addidimus:
813 2935 881 2985 Cur.
893 2948 966 2984 xvir.
990 2938 1028 2998 §l
1050 2932 1188 2996 Quinctiae]
1205 2933 1309 2989 Qaiatau

214 3016 260 3059 ant
285 3010 306 3058 si
327 3009 393 3058 Mac.
410 3023 488 3057 nuum
506 3010 579 3073 aequi
598 3007 680 3066 lubet,
698 3010 742 3058 ad·
781 3014 894 3077 qnidam,
913 3027 964 3062 uon
988 3013 1079 3076 probo.
1114 3013 1167 3063 Cur
1189 3021 1308 3061 alstemo

213 3086 297 3135 scribe
308 3101 364 3134 uras
375 3085 427 3136 eia.
440 3117 464 3132 ..
475 3099 521 3148 per
532 3099 573 3134 me
585 3085 652 3134 enim
665 3085 741 3135 licet:
780 3090 923 3139 addiderim
934 3104 967 3138 ex
977 3091 1040 3140 Mas.
1049 3097 1200 3138 annotatum
1211 3088 1243 3138 ab
1254 3089 1309 3138 aliis

214 3165 241 3213 in
260 3164 317 3212 saliis
335 3178 396 3212 sane
418 3164 493 3213 abest
514 3165 742 3229 supplementum:
781 3174 831 3228 est,
842 3168 885 3232 qni
897 3168 957 3215 mibi
971 3166 1107 3231 repetendi
1122 3167 1235 3216 laborem
1247 3165 1309 3214 ade·

213 3239 478 3291 forsitannonmale.
513 3241 572 3290 Huc
586 3243 699 3303 pertinet
714 3243 743 3290 il·
780 3243 1003 3294 maruuuddtutt.
1093 3292 1100 3304 ,

213 3316 259 3365 lud
272 3315 377 3365 indutio
389 3316 507 3366 Suetonii
525 3330 549 3365 c.
561 3321 601 3366 tu.
619 3317 743 3365 ‘Venatb
815 3320 983 3383 cincinnatas]
1002 3321 1097 3371 Dictus
1115 3336 1131 3369 a
1147 3316 1309 3377 ‘cincinnis,’

215 3406 278 3443 onos
290 3390 414 3456 ludosque
424 3406 482 3440 cunr
502 3394 605 3456 collega
621 3403 650 3443 et
666 3407 742 3456 sepe·
781 3397 806 3446 id
819 3405 896 3458 est‚a
913 3396 1018 3460 prolixis
1035 3405 1064 3448 et
1079 3397 1183 3446 intortis
1199 3394 1308 3458 capillis,

213 3471 290 3520 ratim
302 3469 400 3524 edidit:
413 3468 565 3533 quoiactum
575 3478 663 3529 aat‚ut
674 3485 743 3520 com·
779 3488 844 3539 quos
861 3473 973 3525 ferebat.
997 3474 1106 3524 Hieron.
1122 3475 1130 3500 ‘
1143 3472 1308 3523 Cincinnatu-

215 3549 331 3599 munium
360 3564 462 3612 quoqne
481 3549 654 3612 impensarum
676 3549 743 3599 aolus
781 3553 820 3602 loa
834 3568 938 3616 pueros,
950 3563 976 3602 et
988 3550 1213 3609 calamistratulor,
1224 3557 1251 3596 et
1264 3538 1319 3610 pe?

216 3626 326 3688 gratiam
355 3633 478 3688 caperet;
495 3639 544 3674 nee
571 3625 744 3677 dissimularet
783 3630 884 3693 regrina
912 3638 1045 3693 unguenta
1074 3626 1183 3686 olentes,
1204 3637 1308 3686 semper

216 3701 318 3764 collega
327 3703 382 3766 ejus
393 3701 431 3750 Μ.
439 3700 547 3750 Bibulus
556 3703 673 3750 eveniare
685 3703 743 3759 sibi,
782 3705 888 3757 devita!
907 3706 986 3755 meet.

216 3778 285 3841 quod
299 3779 407 3828 Polluci.
440 3779 478 3828 Ut
489 3780 556 3828 enirn
574 3780 681 3842 geminis
692 3779 745 3829 sta·
823 3779 955 3842 Casuum]
978 3778 1087 3825 Veteres
1108 3789 1155 3838 per
1173 3775 1201 3822 Κ
1221 3788 1309 3824 vocent

216 3855 300 3903 tribua
314 3853 383 3902 ardes
398 3855 423 3904 in
442 3853 499 3904 toro
516 3856 670 3912 constituta,
688 3865 744 3905 tan·
783 3856 931 3907 ‘Keraunia'
944 3851 1075 3906 notabant,
1087 3859 1178 3915 enque
1189 3852 1213 3899 in
1226 3851 1310 3902 Fastis

217 3939 272 3980 tum
301 3931 413 3981 Castoris
436 3939 589 3992 uocaretnr3
608 3934 644 3981 lta
671 3948 744 3982 snam
782 3932 905 3997 frequens
935 3931 961 3978 ln
995 3928 1204 3991 pronominibus.
1248 3928 1309 3976 Vidi

217 4008 381 4070 Caesarisque
392 4006 592 4057 munificentiam
602 4011 675 4058 unius
687 4009 744 4058 Cre·
783 4008 853 4068 cod..
864 4008 889 4056 iu
907 4020 957 4069 qno
970 4008 1095 4055 Censorem
1111 4005 1263 4069 legebatur:
1281 4014 1311 4056 ut

217 4085 283 4132 saria
295 4081 364 4133 utet!
397 4081 474 4132 Adue
486 4086 745 4137 attuttoetcmare
784 4086 809 4134 iu
826 4084 937 4146 volgatis
952 4083 1084 4132 Ciceronis
1102 4083 1160 4131 edd.
1177 4084 1310 4132 Orationis

218 4158 289 4207 Cous.
309 4160 402 4223 aliquid
426 4169 512 4210 actum
533 4161 611 4211 scribi
632 4164 744 4217 solitum,
785 4174 831 4223 pro
849 4162 934 4209 Domo
953 4175 1008 4220 sua,
1027 4159 1070 4209 nbi
1091 4159 1153 4209 Ant.
1173 4159 1311 4222 Augustiu.

218 4237 322 4286 tametsi
341 4236 463 4288 Bibulum
483 4239 609 4303 collegam
630 4239 745 4292 haberet.
784 4235 1033 4305 epudFulr.Uraiu.
1051 4237 1311 4293 Kaeuitlerirsetias
