3074 5040
516 355 630 405 srxrr
655 357 818 409 eunucu
845 358 1031 409 vroroms
1256 345 1323 412 666

261 504 340 562 1676
361 496 498 577 Lugduni
514 497 586 560 Bet.
605 507 636 561 6.
658 500 690 561 S.
705 500 783 560 Aur.
797 500 931 560 Victoris
959 500 1103 562 Historia
1128 500 1220 562 Rom.
1247 502 1322 565 Bre-

219 596 356 667 viarium,
367 616 435 656 cum
450 596 526 657 notis
536 616 611 656 verr.
624 597 704 678 opud
719 598 942 658 Gaesbeeckios.

260 701 337 756 1671
361 692 498 772 Lugduni
522 692 593 754 Bat.
618 702 648 754 8.
670 694 755 756 Sext.
775 696 853 759 Aur.
875 696 984 756 Victor
997 717 1065 756 curu
1087 697 1220 756 iconibus
1236 697 1266 757 iu
1282 716 1324 757 oes

216 791 317 852 incisis
341 800 373 850 et
399 791 476 851 notis
502 792 661 863 variorum,
685 791 838 856 Dominici
864 794 1038 865 Machanei,
1067 793 1165 855 Andr.
1191 792 1324 864 Schotti,

221 887 270 946 El.
285 886 403 958 Viueti,
415 886 487 947 Jarri
501 886 634 959 Gruteri,
648 893 706 949 &c

267 1131 390 1194 rarus
414 1133 476 1195 rv.
512 1133 660 1196 Auum
681 1135 1126 1230 rnnnr-prrrscrnrrn
1149 1105 1269 1196 ronr-

300 1237 512 1294 moe-nno.
527 1231 594 1292 inae
616 1231 1241 1296 ARNTZENIO-GRUTERIANA.

259 1385 375 1447 Schotti
390 1387 544 1447 Victorem
560 1389 721 1448 notisvarr.
732 1394 821 1448 1681.
832 1390 976 1468 aTanaq.
989 1388 1088 1448 Fabro
1098 1387 1221 1466 filiaque
1230 1386 1323 1448 Antra

216 1480 405 1556 illustratum,
420 1504 504 1563 uque
515 1495 549 1544 ut
561 1485 653 1544 libros
662 1483 700 1544 de
709 1484 795 1544 Viris
807 1485 989 1554 Illustribus,
1003 1485 1041 1544 de
1053 1484 1129 1544 Vita
1141 1493 1172 1551 et
1186 1481 1326 1542 Moribus

219 1577 436 1660 Imperatorum
451 1581 533 1641 Sam.
548 1582 682 1642 Pitiscus
696 1588 785 1642 1696.
801 1583 900 1642 denuo
911 1583 1071 1643 recensitos
1083 1582 1323 1660 variequeurna·

218 1685 265 1735 tos
277 1676 371 1737 dedit.
414 1677 475 1738 Sed
498 1678 548 1740 lo.
572 1679 755 1739 Arutzeuiue
772 1679 871 1741 lctus
885 1679 1057 1739 Amsterod.
1080 1685 1170 1741 1763.
1187 1676 1324 1756 pluribus

217 1774 487 1856 exemplisscriptis
496 1775 589 1834 libelli
598 1776 636 1835 de
651 1775 735 1835 Viris
746 1774 797 1835 lll.
808 1779 909 1858 (quem
922 1797 940 1835 6
951 1776 1075 1837 Schotto
1086 1785 1195 1834 temere
1204 1772 1323 1832 Victori

217 1871 378 1950 ascriptum
389 1872 534 1949 judicet.)
556 1881 588 1932 et
607 1874 761 1952 Epitomes
774 1894 843 1931 usus
856 1881 966 1931 etcum
981 1871 1167 1952 locupletiori
1178 1876 1323 1949 apparatu

216 1986 256 2026 ex
269 1969 417 2027 variorum
436 1970 514 2028 notis
537 1970 657 2047 integris
670 1969 798 2029 collecto
813 1969 916 2028 edidit.
959 1968 1055 2046 Cujus
1067 1967 1193 2044 vestigio
1206 1964 1279 2041 legit
1290 1962 1322 2023 1.

219 2062 269 2122 Fr.
292 2062 456 2134 Grunerus‚
470 2065 586 2124 duobus
598 2063 687 2126 codd.
703 2063 807 2125 Guell.
822 2067 851 2124 in
874 2064 1067 2124 emendandis
1089 2062 1193 2122 iisdem
1215 2058 1327 2120 libellis

218 2158 339 2239 adjutus
354 2167 444 2223 1757.
460 2182 549 2240 quam
564 2163 763 2222 recensionem
775 2161 931 2222 reddidere
947 2160 1144 2239 Erlangenses
1151 2164 1242 2222 1767.

259 2263 336 2315 1681
360 2256 497 2330 Parisiis,
511 2267 541 2318 4.
563 2259 649 2319 Sext.
663 2260 741 2321 Aur.
759 2259 894 2321 Victoris
908 2258 1052 2318 Historioe
1068 2257 1216 2317 Romauae
1230 2252 1323 2314 com-
1431 2278 1432 2281 ¹

217 2352 367 2432 pendium.
417 2354 666 2435 Interpretatione
689 2367 720 2417 et
746 2358 822 2418 notis
847 2357 1005 2417 illustrarit
1030 2356 1124 2415 Anna
1149 2348 1324 2431 Tanaquilli

219 2448 309 2509 Fabri
320 2450 394 2522 lilia,
408 2453 438 2511 in
452 2474 535 2512 usum
550 2453 703 2534 Delphini.
745 2455 846 2515 Paris.
861 2452 941 2534 opud
957 2453 1135 2533 Dionysium
1148 2449 1283 2528 Thierry.

261 2555 340 2609 1696
360 2549 494 2630 Trajccti
509 2551 548 2610 ad
560 2551 661 2612 Rhen.
675 2560 705 2613 8.
727 2553 814 2613 Sext.
835 2553 913 2612 Aur.
935 2551 1070 2611 Victoris
1092 2546 1238 2607 Historiae
1256 2542 1325 2603 Ilo-¹

217 2666 313 2706 meuae
329 2647 718 2720 Breviarium,illustratum
730 2649 827 2709 Andr.
840 2649 971 2719 Schotti,
986 2646 1138 2707 Dominici
1148 2640 1325 2710 Machanei,

217 2742 288 2802 lani
303 2742 436 2816 Gruteri,
456 2756 486 2806 et
510 2747 611 2806 Annae
632 2745 806 2827 Tanaquilli
828 2745 921 2806 Fabri
935 2744 1006 2804 filiae
1016 2741 1234 2804 commentariis
1248 2740 1325 2798 inte-

219 2840 287 2915 gris,
302 2850 335 2900 ut
352 2851 382 2901 et
397 2844 549 2904 Caesurum
563 2854 595 2905 et
614 2845 830 2924 Augustorum,
843 2845 1030 2923 virorumque
1052 2840 1209 2899 illustrium
1232 2836 1327 2896 iconi?

218 2935 273 2993 bus
294 2957 333 2996 ex
355 2942 482 2998 nummis
499 2942 650 3000 veteribus
667 2942 822 3022 expressis.
866 2941 1049 3000 contextum
1072 2936 1231 3005 recensuit,
1243 2952 1324 2993 com-

219 3035 377 3093 meritorios
405 3037 464 3096 suis
491 3037 565 3097 locis
595 3037 752 3119 disposuit,
779 3047 810 3098 et
836 3038 948 3097 indices
972 3035 1187 3114 copiosissimos
1213 3028 1327 3106 adjecit

220 3126 342 3186 Samuel
369 3130 511 3193 Pitiscus.
564 3133 648 3213 Traj.
676 3133 715 3193 ad
743 3134 845 3193 Rhen.
872 3133 952 3213 apud
980 3131 1086 3188 Franc.
1120 3127 1268 3188 Halmam
1294 3133 1326 3184 et

219 3223 374 3284 Guilielm.
388 3229 505 3287 vaande
521 3229 768 3290 water-Huic
781 3231 829 3289 ed.
844 3230 968 3289 accessit
1257 3279 1259 3283 ,

259 3357 300 3368 -
322 3323 393 3382 ibid.
416 3332 446 3384 8.
468 3325 548 3405 apud
581 3325 663 3384 eosd.
719 3325 768 3385 De
792 3326 869 3384 Vita
889 3334 920 3383 et
947 3323 1084 3383 Moribus
1109 3321 1326 3399 Imperatorum

220 3417 425 3479 Romanorum
448 3429 590 3500 excerpta
612 3441 650 3480 ex
674 3421 756 3480 libris
780 3422 867 3483 Sext.
895 3421 973 3480 Aur.
998 3417 1132 3478 Victoris
1158 3435 1177 3474 a
1206 3412 1325 3472 Caesare

221 3515 304 3595 Aug.
323 3517 470 3596 usquead
493 3516 693 3577 Theodosium
708 3518 935 3598 Imperatorem,
957 3534 1023 3576 cum
1050 3515 1128 3573 notis
1147 3511 1198 3573 El.
1217 3508 1324 3569 Viueti

219 3621 252 3670 et
266 3613 374 3673 Merici
389 3614 570 3673 Casauboni.
605 3613 770 3674 Recensuit
784 3613 905 3674 Samuel
919 3613 1061 3673 Pitiscus.

262 3716 341 3773 1766
363 3711 507 3789 Coburgi,
521 3719 550 3773 8.
573 3711 659 3773 Sext.
676 3712 753 3773 Aur.
768 3712 902 3772 Victoris
916 3712 982 3769 libri
993 3710 1030 3769 de
1045 3708 1195 3768 Romanae
1218 3703 1327 3763 Gentis

220 3807 355 3887 Origine,
370 3809 407 3868 de
420 3807 504 3869 Viris
525 3808 696 3869 Illustribus
708 3819 740 3870 et
755 3809 999 3891 Imperatoribus,
1013 3817 1045 3867 et
1058 3807 1145 3867 Sext.
1160 3800 1235 3863 Ruti
1250 3799 1325 3860 Bre-

219 3905 343 3965 visrium
356 3906 502 3966 Historiae
516 3906 676 3968 Romanae.
711 3905 818 3966 Edidit
831 3905 943 3965 Christ.
955 3903 1082 3964 Junlrer.

260 4009 342 4064 1764
363 4003 471 4084 Lipsiae
485 4015 516 4064 et
532 4003 557 4062 F
558 4004 732 4075 raucofurti,
746 4012 776 4063 6.
800 4002 914 4067 Eadem
925 4002 973 4062 ed.
986 4002 1122 4081 repetitu.

263 4105 342 4160 1765
364 4099 502 4171 Iondini,
527 4108 575 4160 12.
597 4102 758 4182 Eutropius
780 4111 811 4161 et
834 4099 911 4160 Aur.
931 4098 1039 4159 Victor
1062 4117 1130 4159 cum
1150 4094 1227 4156 notis
1246 4089 1323 4153 Tau.

223 4193 322 4254 Fabri.
366 4194 586 4259 Recusicxed.
602 4205 690 4260 1667.
