<?xml version="1.0" encoding="UTF-8"?>
<!DOCTYPE html PUBLIC "-//W3C//DTD XHTML 1.0 Transitional//EN"
    "http://www.w3.org/TR/xhtml1/DTD/xhtml1-transitional.dtd">
<html xmlns="http://www.w3.org/1999/xhtml" xml:lang="en" lang="en">
 <head>
  <title>
</title>
<meta http-equiv="Content-Type" content="text/html;charset=utf-8" />
  <meta name='ocr-system' content='tesseract 3.04.00' />
  <meta name='ocr-capabilities' content='ocr_page ocr_carea ocr_par ocr_line ocrx_word'/>
</head>
<body>
  <div class='ocr_page' id='page_1' title='image "./sextiaureliivic02victgoog_0214.png"; bbox 0 0 3074 5040; ppageno 0'>
   <div class='ocr_carea' id='block_1_1' title="bbox 367 367 1320 435">
    <p class='ocr_par' dir='ltr' id='par_1_1' title="bbox 367 367 1320 435">
     <span class='ocr_line' id='line_1_1' title="bbox 367 367 1320 435; baseline 0.004 -4"><span class='ocrx_word' id='word_1_1' title='bbox 367 381 506 432; x_wconf 79' lang='lat' dir='ltr'>sunna.</span> <span class='ocrx_word' id='word_1_2' title='bbox 522 381 619 431; x_wconf 85' lang='lat' dir='ltr'>vsor.</span> <span class='ocrx_word' id='word_1_3' title='bbox 637 378 749 429; x_wconf 79' lang='lat' dir='ltr'>vinos</span> <span class='ocrx_word' id='word_1_4' title='bbox 773 379 946 430; x_wconf 79' lang='lat' dir='ltr'>sususrn.</span> <span class='ocrx_word' id='word_1_5' title='bbox 969 382 1050 431; x_wconf 80' lang='lat' dir='ltr'>usn.</span> <span class='ocrx_word' id='word_1_6' title='bbox 1074 383 1187 433; x_wconf 82' lang='lat' dir='ltr'>uxrx.</span> <span class='ocrx_word' id='word_1_7' title='bbox 1255 367 1320 435; x_wconf 85' lang='grc'>661</span> 
     </span>
    </p>
   </div>
   <div class='ocr_carea' id='block_1_2' title="bbox 225 521 1321 2427">
    <p class='ocr_par' dir='ltr' id='par_1_2' title="bbox 225 521 1321 2427">
     <span class='ocr_line' id='line_1_2' title="bbox 238 521 1319 590; baseline 0.003 -14"><span class='ocrx_word' id='word_1_8' title='bbox 238 525 331 576; x_wconf 89' lang='lat' dir='ltr'>Paullo</span> <span class='ocrx_word' id='word_1_9' title='bbox 340 523 419 576; x_wconf 82' lang='lat' dir='ltr'>aliter</span> <span class='ocrx_word' id='word_1_10' title='bbox 428 525 484 575; x_wconf 79' lang='lat' dir='ltr'>btee</span> <span class='ocrx_word' id='word_1_11' title='bbox 495 524 562 574; x_wconf 85' lang='lat' dir='ltr'>Liril</span> <span class='ocrx_word' id='word_1_12' title='bbox 579 521 760 584; x_wconf 79' lang='lat' dir='ltr'>sbbrsvistor3</span> <span class='ocrx_word' id='word_1_13' title='bbox 796 522 849 574; x_wconf 81' lang='lat' dir='ltr'>Sed</span> <span class='ocrx_word' id='word_1_14' title='bbox 863 524 942 574; x_wconf 82' lang='lat' dir='ltr'>cisso</span> <span class='ocrx_word' id='word_1_15' title='bbox 951 524 1035 575; x_wconf 91' lang='lat' dir='ltr'>omitti</span> <span class='ocrx_word' id='word_1_16' title='bbox 1046 539 1097 575; x_wconf 92' lang='lat' dir='ltr'>uon</span> <span class='ocrx_word' id='word_1_17' title='bbox 1107 526 1195 590; x_wconf 87' lang='lat' dir='ltr'>debet,</span> <span class='ocrx_word' id='word_1_18' title='bbox 1210 542 1266 578; x_wconf 86' lang='lat' dir='ltr'>orsus</span> <span class='ocrx_word' id='word_1_19' title='bbox 1278 543 1319 579; x_wconf 91' lang='lat' dir='ltr'>so-</span> 
     </span>
     <span class='ocr_line' id='line_1_3' title="bbox 236 599 1320 667; baseline 0.002 -16"><span class='ocrx_word' id='word_1_20' title='bbox 236 608 264 652; x_wconf 89' lang='lat' dir='ltr'>et</span> <span class='ocrx_word' id='word_1_21' title='bbox 286 603 362 653; x_wconf 87' lang='lat' dir='ltr'>Oros.</span> <span class='ocrx_word' id='word_1_22' title='bbox 386 616 412 651; x_wconf 81' lang='lat' dir='ltr'>r.</span> <span class='ocrx_word' id='word_1_23' title='bbox 430 606 471 652; x_wconf 93' lang='grc'><strong>21.</strong></span> <span class='ocrx_word' id='word_1_24' title='bbox 509 601 620 650; x_wconf 85' lang='lat' dir='ltr'>Marium</span> <span class='ocrx_word' id='word_1_25' title='bbox 643 599 760 648; x_wconf 83' lang='lat' dir='ltr'>nimirum</span> <span class='ocrx_word' id='word_1_26' title='bbox 796 601 850 650; x_wconf 86' lang='lat' dir='ltr'>leat</span> <span class='ocrx_word' id='word_1_27' title='bbox 863 601 959 650; x_wconf 86' lang='lat' dir='ltr'>Noster</span> <span class='ocrx_word' id='word_1_28' title='bbox 969 601 1071 649; x_wconf 90' lang='lat' dir='ltr'>uosuius</span> <span class='ocrx_word' id='word_1_29' title='bbox 1082 602 1182 664; x_wconf 69' lang='lat' dir='ltr'>integra</span> <span class='ocrx_word' id='word_1_30' title='bbox 1193 604 1320 667; x_wconf 84' lang='lat' dir='ltr'>exprime·</span> 
     </span>
     <span class='ocr_line' id='line_1_4' title="bbox 236 677 1318 743; baseline 0 -13"><span class='ocrx_word' id='word_1_31' title='bbox 236 695 294 730; x_wconf 82' lang='lat' dir='ltr'>enm</span> <span class='ocrx_word' id='word_1_32' title='bbox 312 681 407 730; x_wconf 89' lang='lat' dir='ltr'>Pontio</span> <span class='ocrx_word' id='word_1_33' title='bbox 425 680 563 729; x_wconf 83' lang='lat' dir='ltr'>&#39;l&#39;lselesino</span> <span class='ocrx_word' id='word_1_34' title='bbox 582 677 649 741; x_wconf 72' lang='lat' dir='ltr'>inge</span> <span class='ocrx_word' id='word_1_35' title='bbox 668 678 760 728; x_wconf 78' lang='lat' dir='ltr'>comite</span> <span class='ocrx_word' id='word_1_36' title='bbox 797 692 825 727; x_wconf 89' lang='lat' dir='ltr'>re</span> <span class='ocrx_word' id='word_1_37' title='bbox 848 678 873 726; x_wconf 91' lang='lat' dir='ltr'>in</span> <span class='ocrx_word' id='word_1_38' title='bbox 893 678 966 726; x_wconf 86' lang='lat' dir='ltr'>initio</span> <span class='ocrx_word' id='word_1_39' title='bbox 986 679 1109 739; x_wconf 84' lang='lat' dir='ltr'>capitum,</span> <span class='ocrx_word' id='word_1_40' title='bbox 1128 694 1206 741; x_wconf 86' lang='lat' dir='ltr'>quare</span> <span class='ocrx_word' id='word_1_41' title='bbox 1229 695 1318 743; x_wconf 84' lang='lat' dir='ltr'>posses</span> 
     </span>
     <span class='ocr_line' id='line_1_5' title="bbox 235 754 1320 820; baseline -0.001 -16"><span class='ocrx_word' id='word_1_42' title='bbox 235 757 326 805; x_wconf 90' lang='lat' dir='ltr'>stricto</span> <span class='ocrx_word' id='word_1_43' title='bbox 343 756 469 820; x_wconf 78' lang='lat' dir='ltr'>utrimque</span> <span class='ocrx_word' id='word_1_44' title='bbox 490 755 575 817; x_wconf 79' lang='lat' dir='ltr'>gladio</span> <span class='ocrx_word' id='word_1_45' title='bbox 591 754 759 815; x_wconf 67' lang='lat' dir='ltr'>concurrisse,</span> <span class='ocrx_word' id='word_1_46' title='bbox 795 755 914 816; x_wconf 83' lang='lat' dir='ltr'>supplere</span> <span class='ocrx_word' id='word_1_47' title='bbox 932 754 1053 803; x_wconf 77' lang='lat' dir='ltr'>cornelius</span> <span class='ocrx_word' id='word_1_48' title='bbox 1066 754 1143 802; x_wconf 80' lang='lat' dir='ltr'>Cissa</span> <span class='ocrx_word' id='word_1_49' title='bbox 1159 754 1260 803; x_wconf 78' lang='lat' dir='ltr'>onmium</span> <span class='ocrx_word' id='word_1_50' title='bbox 1269 755 1320 818; x_wconf 75' lang='lat' dir='ltr'>fle·</span> 
     </span>
     <span class='ocr_line' id='line_1_6' title="bbox 235 829 1320 895; baseline 0.002 -15"><span class='ocrx_word' id='word_1_51' title='bbox 235 845 311 895; x_wconf 87' lang='lat' dir='ltr'>quens</span> <span class='ocrx_word' id='word_1_52' title='bbox 322 844 378 880; x_wconf 88' lang='lat' dir='ltr'>eum</span> <span class='ocrx_word' id='word_1_53' title='bbox 387 830 531 883; x_wconf 85' lang='lat' dir='ltr'>occidisset,</span> <span class='ocrx_word' id='word_1_54' title='bbox 539 829 651 877; x_wconf 86' lang='lat' dir='ltr'>saucium</span> <span class='ocrx_word' id='word_1_55' title='bbox 662 844 676 876; x_wconf 90' lang='lat' dir='ltr'>s</span> <span class='ocrx_word' id='word_1_56' title='bbox 686 842 760 879; x_wconf 84' lang='lat' dir='ltr'>servo</span> <span class='ocrx_word' id='word_1_57' title='bbox 793 833 969 893; x_wconf 76' lang='lat' dir='ltr'>gitiosissimsss.</span> <span class='ocrx_word' id='word_1_58' title='bbox 1004 830 1038 881; x_wconf 76' lang='lat' dir='ltr'>dt</span> <span class='ocrx_word' id='word_1_59' title='bbox 1051 838 1156 895; x_wconf 85' lang='lat' dir='ltr'>recepta</span> <span class='ocrx_word' id='word_1_60' title='bbox 1167 832 1243 880; x_wconf 87' lang='lat' dir='ltr'>lectio</span> <span class='ocrx_word' id='word_1_61' title='bbox 1257 834 1320 882; x_wconf 87' lang='lat' dir='ltr'>satis</span> 
     </span>
     <span class='ocr_line' id='line_1_7' title="bbox 234 905 1321 972; baseline 0.005 -19"><span class='ocrx_word' id='word_1_62' title='bbox 234 906 397 969; x_wconf 88' lang='lat' dir='ltr'>impetrasse,</span> <span class='ocrx_word' id='word_1_63' title='bbox 408 914 436 953; x_wconf 90' lang='lat' dir='ltr'>nt</span> <span class='ocrx_word' id='word_1_64' title='bbox 447 920 473 954; x_wconf 89' lang='lat' dir='ltr'>se</span> <span class='ocrx_word' id='word_1_65' title='bbox 485 905 624 955; x_wconf 84' lang='lat' dir='ltr'>occideret.</span> <span class='ocrx_word' id='word_1_66' title='bbox 657 905 723 954; x_wconf 90' lang='lat' dir='ltr'>Vide</span> <span class='ocrx_word' id='word_1_67' title='bbox 733 913 759 954; x_wconf 91' lang='lat' dir='ltr'>et</span> <span class='ocrx_word' id='word_1_68' title='bbox 796 910 907 972; x_wconf 86' lang='lat' dir='ltr'>amplum</span> <span class='ocrx_word' id='word_1_69' title='bbox 927 923 973 970; x_wconf 90' lang='lat' dir='ltr'>per</span> <span class='ocrx_word' id='word_1_70' title='bbox 990 922 1019 956; x_wconf 94' lang='lat' dir='ltr'>se</span> <span class='ocrx_word' id='word_1_71' title='bbox 1034 907 1094 957; x_wconf 85' lang='lat' dir='ltr'>buie</span> <span class='ocrx_word' id='word_1_72' title='bbox 1110 906 1204 956; x_wconf 85' lang='lat' dir='ltr'>homiul</span> <span class='ocrx_word' id='word_1_73' title='bbox 1215 907 1321 958; x_wconf 79' lang='lat' dir='ltr'>exbibet</span> 
     </span>
     <span class='ocr_line' id='line_1_8' title="bbox 234 981 1079 1050; baseline 0.002 -19"><span class='ocrx_word' id='word_1_74' title='bbox 234 983 303 1050; x_wconf 78' lang='lat' dir='ltr'>vell.</span> <span class='ocrx_word' id='word_1_75' title='bbox 313 982 358 1032; x_wconf 88' lang='lat' dir='ltr'>lib.</span> <span class='ocrx_word' id='word_1_76' title='bbox 377 997 397 1033; x_wconf 87' lang='lat' dir='ltr'>s.</span> <span class='ocrx_word' id='word_1_77' title='bbox 413 992 440 1032; x_wconf 91' lang='lat' dir='ltr'>et</span> <span class='ocrx_word' id='word_1_78' title='bbox 451 981 512 1032; x_wconf 82' lang='lat' dir='ltr'>Just.</span> <span class='ocrx_word' id='word_1_79' title='bbox 525 982 683 1032; x_wconf 71' lang='lat' dir='ltr'>Hadrianum</span> <span class='ocrx_word' id='word_1_80' title='bbox 694 982 758 1034; x_wconf 81' lang='lat' dir='ltr'>Aui-</span> <span class='ocrx_word' id='word_1_81' title='bbox 796 985 977 1034; x_wconf 86' lang='lat' dir='ltr'>testimoninm.</span> <span class='ocrx_word' id='word_1_82' title='bbox 991 982 1079 1033; x_wconf 75' lang='lat' dir='ltr'>Arata.</span> 
     </span>
     <span class='ocr_line' id='line_1_9' title="bbox 233 1058 1319 1124; baseline 0.005 -17"><span class='ocrx_word' id='word_1_83' title='bbox 233 1058 319 1108; x_wconf 77' lang='lat' dir='ltr'>made.</span> <span class='ocrx_word' id='word_1_84' title='bbox 331 1072 373 1107; x_wconf 89' lang='lat' dir='ltr'>sss.</span> <span class='ocrx_word' id='word_1_85' title='bbox 384 1063 424 1108; x_wconf 91' lang='grc'><strong>12.</strong></span> <span class='ocrx_word' id='word_1_86' title='bbox 445 1058 539 1108; x_wconf 80' lang='lat' dir='ltr'>Sebott.</span> <span class='ocrx_word' id='word_1_87' title='bbox 828 1059 1012 1124; x_wconf 77' lang='lat' dir='ltr'>Rempsblicsm]</span> <span class='ocrx_word' id='word_1_88' title='bbox 1040 1061 1102 1110; x_wconf 85' lang='lat' dir='ltr'>Mes.</span> <span class='ocrx_word' id='word_1_89' title='bbox 1129 1074 1179 1109; x_wconf 81' lang='lat' dir='ltr'>ress</span> <span class='ocrx_word' id='word_1_90' title='bbox 1203 1061 1319 1124; x_wconf 77' lang='lat' dir='ltr'>pelliceas</span> 
     </span>
     <span class='ocr_line' id='line_1_10' title="bbox 268 1135 1318 1201; baseline 0.006 -18"><span class='ocrx_word' id='word_1_91' title='bbox 268 1135 402 1200; x_wconf 81' lang='lat' dir='ltr'>Tletesiss]</span> <span class='ocrx_word' id='word_1_92' title='bbox 419 1136 516 1199; x_wconf 85' lang='lat' dir='ltr'>Seripti</span> <span class='ocrx_word' id='word_1_93' title='bbox 528 1135 586 1184; x_wconf 92' lang='lat' dir='ltr'>libri</span> <span class='ocrx_word' id='word_1_94' title='bbox 599 1135 695 1199; x_wconf 85' lang='lat' dir='ltr'>absque</span> <span class='ocrx_word' id='word_1_95' title='bbox 706 1136 757 1199; x_wconf 87' lang='lat' dir='ltr'>spi·</span> <span class='ocrx_word' id='word_1_96' title='bbox 794 1136 892 1186; x_wconf 86' lang='lat' dir='ltr'>duabus</span> <span class='ocrx_word' id='word_1_97' title='bbox 910 1135 1073 1192; x_wconf 72' lang='lat' dir='ltr'>dictionibus,</span> <span class='ocrx_word' id='word_1_98' title='bbox 1089 1141 1117 1184; x_wconf 88' lang='lat' dir='ltr'>et</span> <span class='ocrx_word' id='word_1_99' title='bbox 1136 1150 1194 1185; x_wconf 85' lang='lat' dir='ltr'>mox</span> <span class='ocrx_word' id='word_1_100' title='bbox 1214 1151 1262 1201; x_wconf 88' lang='lat' dir='ltr'>pro</span> <span class='ocrx_word' id='word_1_101' title='bbox 1277 1138 1318 1197; x_wconf 75' lang='lat' dir='ltr'>ss·</span> 
     </span>
     <span class='ocr_line' id='line_1_11' title="bbox 234 1211 1317 1276; baseline 0.006 -17"><span class='ocrx_word' id='word_1_102' title='bbox 234 1211 286 1261; x_wconf 88' lang='lat' dir='ltr'>ritu</span> <span class='ocrx_word' id='word_1_103' title='bbox 300 1213 413 1262; x_wconf 84' lang='lat' dir='ltr'>Telesino.</span> <span class='ocrx_word' id='word_1_104' title='bbox 429 1213 681 1263; x_wconf 86' lang='lat' dir='ltr'>Schott.Not.Min.</span> <span class='ocrx_word' id='word_1_105' title='bbox 793 1230 857 1275; x_wconf 86' lang='lat' dir='ltr'>rens,</span> <span class='ocrx_word' id='word_1_106' title='bbox 878 1215 942 1263; x_wconf 83' lang='lat' dir='ltr'>dedit</span> <span class='ocrx_word' id='word_1_107' title='bbox 966 1215 1064 1276; x_wconf 72' lang='lat' dir='ltr'>legunt.</span> <span class='ocrx_word' id='word_1_108' title='bbox 1098 1213 1204 1274; x_wconf 73' lang='lat' dir='ltr'>Collega</span> <span class='ocrx_word' id='word_1_109' title='bbox 1230 1223 1317 1266; x_wconf 85' lang='lat' dir='ltr'>sutesu</span> 
     </span>
     <span class='ocr_line' id='line_1_12' title="bbox 266 1288 1194 1352; baseline 0.001 -16"><span class='ocrx_word' id='word_1_110' title='bbox 266 1288 387 1352; x_wconf 82' lang='lat' dir='ltr'>Proebait]</span> <span class='ocrx_word' id='word_1_111' title='bbox 407 1290 478 1340; x_wconf 80' lang='lat' dir='ltr'>Leld.</span> <span class='ocrx_word' id='word_1_112' title='bbox 491 1295 513 1339; x_wconf 90' lang='lat'>1.</span> <span class='ocrx_word' id='word_1_113' title='bbox 522 1289 634 1339; x_wconf 81' lang='lat' dir='ltr'>tradidit.</span> <span class='ocrx_word' id='word_1_114' title='bbox 660 1291 756 1338; x_wconf 80' lang='lat' dir='ltr'>Eodem</span> <span class='ocrx_word' id='word_1_115' title='bbox 793 1292 879 1340; x_wconf 78' lang='lat' dir='ltr'>Cinnu</span> <span class='ocrx_word' id='word_1_116' title='bbox 893 1290 1085 1339; x_wconf 73' lang='lat' dir='ltr'>cnousvtus</span> <span class='ocrx_word' id='word_1_117' title='bbox 1101 1288 1194 1338; x_wconf 81' lang='lat' dir='ltr'>Sebott.</span> 
     </span>
     <span class='ocr_line' id='line_1_13' title="bbox 232 1364 1317 1429; baseline 0.004 -17"><span class='ocrx_word' id='word_1_118' title='bbox 232 1366 397 1414; x_wconf 82' lang='lat' dir='ltr'>estvsrietss</span> <span class='ocrx_word' id='word_1_119' title='bbox 411 1367 478 1429; x_wconf 88' lang='lat' dir='ltr'>apud</span> <span class='ocrx_word' id='word_1_120' title='bbox 491 1366 567 1416; x_wconf 84' lang='lat' dir='ltr'>Oros.</span> <span class='ocrx_word' id='word_1_121' title='bbox 586 1367 610 1415; x_wconf 88' lang='lat' dir='ltr'>in</span> <span class='ocrx_word' id='word_1_122' title='bbox 629 1367 686 1417; x_wconf 88' lang='lat' dir='ltr'>cod.</span> <span class='ocrx_word' id='word_1_123' title='bbox 706 1368 755 1418; x_wconf 85' lang='lat' dir='ltr'>Ma.</span> <span class='ocrx_word' id='word_1_124' title='bbox 828 1365 947 1428; x_wconf 84' lang='lat' dir='ltr'>Vostooit]</span> <span class='ocrx_word' id='word_1_125' title='bbox 963 1367 1027 1415; x_wconf 88' lang='lat' dir='ltr'>Cum</span> <span class='ocrx_word' id='word_1_126' title='bbox 1047 1365 1119 1414; x_wconf 89' lang='lat' dir='ltr'>noris</span> <span class='ocrx_word' id='word_1_127' title='bbox 1137 1364 1236 1414; x_wconf 80' lang='lat' dir='ltr'>civibus</span> <span class='ocrx_word' id='word_1_128' title='bbox 1255 1379 1317 1416; x_wconf 88' lang='lat' dir='ltr'>cou-</span> 
     </span>
     <span class='ocr_line' id='line_1_14' title="bbox 230 1441 1316 1509; baseline 0.006 -21"><span class='ocrx_word' id='word_1_129' title='bbox 230 1453 258 1488; x_wconf 76' lang='grc' dir='ltr'><strong>ν.</strong></span> <span class='ocrx_word' id='word_1_130' title='bbox 276 1444 316 1492; x_wconf 85' lang='grc'><strong>12.</strong></span> <span class='ocrx_word' id='word_1_131' title='bbox 339 1441 448 1506; x_wconf 82' lang='lat' dir='ltr'>‘Ibique</span> <span class='ocrx_word' id='word_1_132' title='bbox 466 1457 498 1492; x_wconf 91' lang='lat' dir='ltr'>ne</span> <span class='ocrx_word' id='word_1_133' title='bbox 516 1444 587 1492; x_wconf 83' lang='lat' dir='ltr'>sirus</span> <span class='ocrx_word' id='word_1_134' title='bbox 606 1453 754 1509; x_wconf 85' lang='lat' dir='ltr'>caperetur,</span> <span class='ocrx_word' id='word_1_135' title='bbox 791 1445 913 1506; x_wconf 87' lang='lat' dir='ltr'>sentiens,</span> <span class='ocrx_word' id='word_1_136' title='bbox 948 1443 1078 1494; x_wconf 82' lang='lat' dir='ltr'>veteribus</span> <span class='ocrx_word' id='word_1_137' title='bbox 1109 1442 1316 1509; x_wconf 83' lang='lat' dir='ltr'>conspirantibus</span> 
     </span>
     <span class='ocr_line' id='line_1_15' title="bbox 230 1518 1080 1583; baseline 0.005 -17"><span class='ocrx_word' id='word_1_138' title='bbox 230 1518 359 1567; x_wconf 81' lang='lat' dir='ltr'>cervicem</span> <span class='ocrx_word' id='word_1_139' title='bbox 376 1533 451 1568; x_wconf 82' lang='lat' dir='ltr'>servo</span> <span class='ocrx_word' id='word_1_140' title='bbox 469 1534 516 1569; x_wconf 88' lang='lat' dir='ltr'>suo</span> <span class='ocrx_word' id='word_1_141' title='bbox 539 1520 648 1583; x_wconf 80' lang='lat' dir='ltr'>praebuit</span> <span class='ocrx_word' id='word_1_142' title='bbox 659 1520 676 1571; x_wconf 71' lang='grc' dir='ltr'>τ’</span> <span class='ocrx_word' id='word_1_143' title='bbox 702 1523 754 1573; x_wconf 91' lang='lat' dir='ltr'>illic</span> <span class='ocrx_word' id='word_1_144' title='bbox 791 1538 849 1572; x_wconf 89' lang='lat' dir='ltr'>cum</span> <span class='ocrx_word' id='word_1_145' title='bbox 861 1523 981 1572; x_wconf 75' lang='lat' dir='ltr'>Octavio.</span> <span class='ocrx_word' id='word_1_146' title='bbox 999 1523 1080 1570; x_wconf 64' lang='grc' dir='ltr'><strong>Μυσὴ.</strong></span> 
     </span>
     <span class='ocr_line' id='line_1_16' title="bbox 229 1595 1316 1664; baseline 0.006 -22"><span class='ocrx_word' id='word_1_147' title='bbox 229 1607 338 1661; x_wconf 83' lang='lat' dir='ltr'>samque</span> <span class='ocrx_word' id='word_1_148' title='bbox 354 1595 380 1644; x_wconf 92' lang='lat' dir='ltr'>ln</span> <span class='ocrx_word' id='word_1_149' title='bbox 397 1609 428 1645; x_wconf 90' lang='lat' dir='ltr'>eo</span> <span class='ocrx_word' id='word_1_150' title='bbox 444 1596 535 1647; x_wconf 84' lang='lat' dir='ltr'>codice</span> <span class='ocrx_word' id='word_1_151' title='bbox 546 1598 646 1647; x_wconf 75' lang='lat' dir='ltr'>nodidit</span> <span class='ocrx_word' id='word_1_152' title='bbox 658 1600 754 1661; x_wconf 80' lang='lat' dir='ltr'>reperi·</span> <span class='ocrx_word' id='word_1_153' title='bbox 823 1603 863 1664; x_wconf 72' lang='lat'>§2</span> <span class='ocrx_word' id='word_1_154' title='bbox 879 1600 918 1650; x_wconf 75' lang='lat' dir='ltr'>Ad</span> <span class='ocrx_word' id='word_1_155' title='bbox 933 1601 1033 1663; x_wconf 80' lang='lat' dir='ltr'>pileum]</span> <span class='ocrx_word' id='word_1_156' title='bbox 1049 1599 1190 1648; x_wconf 77' lang='lat' dir='ltr'>Libertatis</span> <span class='ocrx_word' id='word_1_157' title='bbox 1206 1599 1316 1661; x_wconf 77' lang='lat' dir='ltr'>siguum.</span> 
     </span>
     <span class='ocr_line' id='line_1_17' title="bbox 228 1672 1316 1740; baseline 0.007 -21"><span class='ocrx_word' id='word_1_158' title='bbox 228 1675 279 1722; x_wconf 91' lang='lat' dir='ltr'>tur.</span> <span class='ocrx_word' id='word_1_159' title='bbox 310 1672 362 1722; x_wconf 84' lang='lat' dir='ltr'>Sed</span> <span class='ocrx_word' id='word_1_160' title='bbox 374 1681 481 1736; x_wconf 85' lang='lat' dir='ltr'>recepta</span> <span class='ocrx_word' id='word_1_161' title='bbox 495 1674 573 1723; x_wconf 87' lang='lat' dir='ltr'>lectio</span> <span class='ocrx_word' id='word_1_162' title='bbox 584 1675 641 1723; x_wconf 91' lang='lat' dir='ltr'>loco</span> <span class='ocrx_word' id='word_1_163' title='bbox 652 1688 753 1723; x_wconf 82' lang='lat' dir='ltr'>morsu·</span> <span class='ocrx_word' id='word_1_164' title='bbox 790 1679 933 1728; x_wconf 78' lang='lat' dir='ltr'>Martialisz</span> <span class='ocrx_word' id='word_1_165' title='bbox 951 1678 1083 1740; x_wconf 81' lang='lat' dir='ltr'>‘Dssmque</span> <span class='ocrx_word' id='word_1_166' title='bbox 1095 1676 1187 1726; x_wconf 89' lang='lat' dir='ltr'>decent</span> <span class='ocrx_word' id='word_1_167' title='bbox 1199 1684 1316 1727; x_wconf 82' lang='lat' dir='ltr'>nostrum</span> 
     </span>
     <span class='ocr_line' id='line_1_18' title="bbox 228 1746 1316 1818; baseline 0.006 -22"><span class='ocrx_word' id='word_1_168' title='bbox 228 1746 262 1797; x_wconf 93' lang='lat' dir='ltr'>ds</span> <span class='ocrx_word' id='word_1_169' title='bbox 277 1763 328 1798; x_wconf 90' lang='lat' dir='ltr'>non</span> <span class='ocrx_word' id='word_1_170' title='bbox 340 1754 387 1800; x_wconf 88' lang='lat' dir='ltr'>est.</span> <span class='ocrx_word' id='word_1_171' title='bbox 421 1749 615 1799; x_wconf 74' lang='lat' dir='ltr'>‘Prebsrese’</span> <span class='ocrx_word' id='word_1_172' title='bbox 633 1749 754 1800; x_wconf 85' lang='lat' dir='ltr'>dicuntur</span> <span class='ocrx_word' id='word_1_173' title='bbox 791 1753 1086 1818; x_wconf 70' lang='lat' dir='ltr'>pitesmrnpsslorem!</span> <span class='ocrx_word' id='word_1_174' title='bbox 1115 1753 1316 1803; x_wconf 87' lang='lat' dir='ltr'>FlamsnDislis</span> 
     </span>
     <span class='ocr_line' id='line_1_19' title="bbox 226 1822 1316 1889; baseline 0.007 -17"><span class='ocrx_word' id='word_1_175' title='bbox 226 1822 263 1879; x_wconf 81' lang='lat' dir='ltr'>lai,</span> <span class='ocrx_word' id='word_1_176' title='bbox 274 1826 318 1889; x_wconf 89' lang='lat' dir='ltr'>qui</span> <span class='ocrx_word' id='word_1_177' title='bbox 334 1840 380 1874; x_wconf 93' lang='lat' dir='ltr'>sus</span> <span class='ocrx_word' id='word_1_178' title='bbox 395 1833 488 1888; x_wconf 89' lang='lat' dir='ltr'>sponte</span> <span class='ocrx_word' id='word_1_179' title='bbox 499 1840 528 1874; x_wconf 89' lang='lat' dir='ltr'>se</span> <span class='ocrx_word' id='word_1_180' title='bbox 539 1827 615 1875; x_wconf 86' lang='lat' dir='ltr'>usorti</span> <span class='ocrx_word' id='word_1_181' title='bbox 626 1826 754 1876; x_wconf 79' lang='lat' dir='ltr'>obferunt·</span> <span class='ocrx_word' id='word_1_182' title='bbox 790 1833 922 1881; x_wconf 83' lang='lat' dir='ltr'>institutus</span> <span class='ocrx_word' id='word_1_183' title='bbox 945 1830 1038 1879; x_wconf 86' lang='lat' dir='ltr'>Lucius</span> <span class='ocrx_word' id='word_1_184' title='bbox 1064 1831 1175 1880; x_wconf 87' lang='lat' dir='ltr'>Merula.</span> <span class='ocrx_word' id='word_1_185' title='bbox 1202 1831 1316 1880; x_wconf 78' lang='lat' dir='ltr'>discisus.</span> 
     </span>
     <span class='ocr_line' id='line_1_20' title="bbox 227 1899 1315 1970; baseline 0.008 -22"><span class='ocrx_word' id='word_1_186' title='bbox 227 1899 302 1949; x_wconf 88' lang='lat' dir='ltr'>Idem</span> <span class='ocrx_word' id='word_1_187' title='bbox 324 1901 431 1950; x_wconf 89' lang='lat' dir='ltr'>Orosius</span> <span class='ocrx_word' id='word_1_188' title='bbox 452 1914 479 1950; x_wconf 86' lang='lat' dir='ltr'>v.</span> <span class='ocrx_word' id='word_1_189' title='bbox 501 1904 541 1950; x_wconf 79' lang='lat'>21.</span> <span class='ocrx_word' id='word_1_190' title='bbox 566 1902 642 1962; x_wconf 83' lang='lat' dir='ltr'>‘lpse</span> <span class='ocrx_word' id='word_1_191' title='bbox 663 1902 754 1951; x_wconf 80' lang='lat' dir='ltr'>leviter</span> <span class='ocrx_word' id='word_1_192' title='bbox 790 1909 822 1959; x_wconf 90' lang='lat' dir='ltr'>ld</span> <span class='ocrx_word' id='word_1_193' title='bbox 840 1907 952 1970; x_wconf 87' lang='lat' dir='ltr'>est,‘ad</span> <span class='ocrx_word' id='word_1_194' title='bbox 969 1905 1134 1957; x_wconf 85' lang='lat' dir='ltr'>libertatem.&#39;</span> <span class='ocrx_word' id='word_1_195' title='bbox 1167 1908 1230 1957; x_wconf 84' lang='lat' dir='ltr'>Erat</span> <span class='ocrx_word' id='word_1_196' title='bbox 1246 1907 1315 1957; x_wconf 86' lang='lat' dir='ltr'>enisu</span> 
     </span>
     <span class='ocr_line' id='line_1_21' title="bbox 226 1976 1315 2048; baseline 0.011 -25"><span class='ocrx_word' id='word_1_197' title='bbox 226 1976 376 2026; x_wconf 80' lang='lat' dir='ltr'>vnlneratus</span> <span class='ocrx_word' id='word_1_198' title='bbox 392 1978 517 2026; x_wconf 77' lang='lat' dir='ltr'>cervicem</span> <span class='ocrx_word' id='word_1_199' title='bbox 534 1992 608 2027; x_wconf 82' lang='lat' dir='ltr'>serso</span> <span class='ocrx_word' id='word_1_200' title='bbox 626 1994 672 2028; x_wconf 88' lang='lat' dir='ltr'>suo</span> <span class='ocrx_word' id='word_1_201' title='bbox 689 1994 753 2042; x_wconf 73' lang='lat' dir='ltr'>pre·</span> <span class='ocrx_word' id='word_1_202' title='bbox 788 1984 916 2034; x_wconf 80' lang='lat' dir='ltr'>libertatis</span> <span class='ocrx_word' id='word_1_203' title='bbox 933 1985 1030 2047; x_wconf 71' lang='lat' dir='ltr'>insigne</span> <span class='ocrx_word' id='word_1_204' title='bbox 1048 1984 1148 2048; x_wconf 70' lang='lat' dir='ltr'>pileus,</span> <span class='ocrx_word' id='word_1_205' title='bbox 1164 1998 1240 2048; x_wconf 89' lang='lat' dir='ltr'>quero</span> <span class='ocrx_word' id='word_1_206' title='bbox 1261 1998 1315 2035; x_wconf 89' lang='lat' dir='ltr'>ms·</span> 
     </span>
     <span class='ocr_line' id='line_1_22' title="bbox 226 2051 1314 2125; baseline 0.01 -25"><span class='ocrx_word' id='word_1_207' title='bbox 226 2051 304 2102; x_wconf 66' lang='lat' dir='ltr'>buit!</span> <span class='ocrx_word' id='word_1_208' title='bbox 322 2054 752 2117; x_wconf 74' lang='lat' dir='ltr'>Epinutstttiusxxsnr.‘Pras-</span> <span class='ocrx_word' id='word_1_209' title='bbox 789 2061 894 2108; x_wconf 86' lang='lat' dir='ltr'>nomissi</span> <span class='ocrx_word' id='word_1_210' title='bbox 916 2060 1042 2124; x_wconf 84' lang='lat' dir='ltr'>espitibus</span> <span class='ocrx_word' id='word_1_211' title='bbox 1071 2060 1135 2108; x_wconf 87' lang='lat' dir='ltr'>rssis</span> <span class='ocrx_word' id='word_1_212' title='bbox 1163 2058 1314 2125; x_wconf 75' lang='lat' dir='ltr'>induebant,</span> 
     </span>
     <span class='ocr_line' id='line_1_23' title="bbox 227 2129 1316 2195; baseline 0.007 -18"><span class='ocrx_word' id='word_1_213' title='bbox 227 2129 291 2178; x_wconf 91' lang='lat' dir='ltr'>bens</span> <span class='ocrx_word' id='word_1_214' title='bbox 313 2131 450 2195; x_wconf 80' lang='lat' dir='ltr'>cervicem,</span> <span class='ocrx_word' id='word_1_215' title='bbox 473 2141 501 2181; x_wconf 88' lang='lat' dir='ltr'>ut</span> <span class='ocrx_word' id='word_1_216' title='bbox 523 2148 551 2182; x_wconf 89' lang='lat' dir='ltr'>se</span> <span class='ocrx_word' id='word_1_217' title='bbox 578 2131 752 2184; x_wconf 68' lang='lat' dir='ltr'>interficeret!</span> <span class='ocrx_word' id='word_1_218' title='bbox 789 2143 855 2184; x_wconf 86' lang='lat' dir='ltr'>teste</span> <span class='ocrx_word' id='word_1_219' title='bbox 872 2134 1105 2185; x_wconf 83' lang='lat' dir='ltr'>Nouiolrlsrcello·</span> <span class='ocrx_word' id='word_1_220' title='bbox 1132 2133 1316 2185; x_wconf 75' lang='lat' dir='ltr'>Plautusrlm·</span> 
     </span>
     <span class='ocr_line' id='line_1_24' title="bbox 227 2206 1315 2275; baseline 0.005 -21"><span class='ocrx_word' id='word_1_221' title='bbox 227 2206 327 2256; x_wconf 78' lang='lat' dir='ltr'>Sensus</span> <span class='ocrx_word' id='word_1_222' title='bbox 341 2208 414 2257; x_wconf 87' lang='lat' dir='ltr'>Susa.</span> <span class='ocrx_word' id='word_1_223' title='bbox 428 2222 478 2258; x_wconf 85' lang='lat' dir='ltr'>vrs.</span> <span class='ocrx_word' id='word_1_224' title='bbox 494 2213 534 2260; x_wconf 83' lang='lat' dir='ltr'>tt.</span> <span class='ocrx_word' id='word_1_225' title='bbox 550 2209 751 2275; x_wconf 85' lang='lat' dir='ltr'>‘Prsebentiqoe</span> <span class='ocrx_word' id='word_1_226' title='bbox 789 2212 926 2274; x_wconf 84' lang='lat' dir='ltr'>pbitruone</span> <span class='ocrx_word' id='word_1_227' title='bbox 946 2218 1062 2260; x_wconf 82' lang='lat' dir='ltr'>extrema</span> <span class='ocrx_word' id='word_1_228' title='bbox 1079 2223 1157 2259; x_wconf 84' lang='lat' dir='ltr'>sceus</span> <span class='ocrx_word' id='word_1_229' title='bbox 1176 2224 1195 2258; x_wconf 87' lang='lat'>1.</span> <span class='ocrx_word' id='word_1_230' title='bbox 1222 2209 1315 2260; x_wconf 83' lang='lat' dir='ltr'>‘Quod</span> 
     </span>
     <span class='ocr_line' id='line_1_25' title="bbox 225 2282 1313 2351; baseline 0.003 -20"><span class='ocrx_word' id='word_1_231' title='bbox 225 2282 350 2332; x_wconf 83' lang='lat' dir='ltr'>inmotam</span> <span class='ocrx_word' id='word_1_232' title='bbox 369 2284 504 2345; x_wconf 82' lang='lat' dir='ltr'>cervicem,</span> <span class='ocrx_word' id='word_1_233' title='bbox 519 2296 598 2349; x_wconf 85' lang='lat' dir='ltr'>caput</span> <span class='ocrx_word' id='word_1_234' title='bbox 615 2288 751 2348; x_wconf 79' lang='lat' dir='ltr'>praecisum</span> <span class='ocrx_word' id='word_1_235' title='bbox 788 2288 832 2337; x_wconf 94' lang='lat' dir='ltr'>ille</span> <span class='ocrx_word' id='word_1_236' title='bbox 844 2286 921 2337; x_wconf 78' lang='lat' dir='ltr'>saciat</span> <span class='ocrx_word' id='word_1_237' title='bbox 934 2287 1058 2351; x_wconf 77' lang='lat' dir='ltr'>luppiter</span> <span class='ocrx_word' id='word_1_238' title='bbox 1070 2285 1106 2336; x_wconf 89' lang='lat' dir='ltr'>Ut</span> <span class='ocrx_word' id='word_1_239' title='bbox 1124 2300 1172 2349; x_wconf 74' lang='lat' dir='ltr'>ego</span> <span class='ocrx_word' id='word_1_240' title='bbox 1184 2285 1224 2334; x_wconf 87' lang='lat' dir='ltr'>bic</span> <span class='ocrx_word' id='word_1_241' title='bbox 1236 2284 1313 2334; x_wconf 88' lang='lat' dir='ltr'>bodie</span> 
     </span>
     <span class='ocr_line' id='line_1_26' title="bbox 225 2358 1314 2427; baseline 0.004 -19"><span class='ocrx_word' id='word_1_242' title='bbox 225 2358 286 2408; x_wconf 88' lang='lat' dir='ltr'>est.&#39;</span> <span class='ocrx_word' id='word_1_243' title='bbox 316 2360 751 2424; x_wconf 54' lang='lat' dir='ltr'>contractam-tot.‘Miserum</span> <span class='ocrx_word' id='word_1_244' title='bbox 788 2378 846 2414; x_wconf 87' lang='lat' dir='ltr'>raso</span> <span class='ocrx_word' id='word_1_245' title='bbox 865 2365 951 2427; x_wconf 86' lang='lat' dir='ltr'>capite</span> <span class='ocrx_word' id='word_1_246' title='bbox 969 2363 1057 2413; x_wconf 81' lang='lat' dir='ltr'>calvus</span> <span class='ocrx_word' id='word_1_247' title='bbox 1076 2363 1175 2423; x_wconf 87' lang='lat' dir='ltr'>capiam</span> <span class='ocrx_word' id='word_1_248' title='bbox 1192 2359 1314 2426; x_wconf 84' lang='lat' dir='ltr'>pileuml&#39;</span> 
     </span>
    </p>
   </div>
   <div class='ocr_carea' id='block_1_3' title="bbox 224 2436 1388 2500">
    <p class='ocr_par' dir='ltr' id='par_1_3' title="bbox 224 2436 1388 2500">
     <span class='ocr_line' id='line_1_27' title="bbox 224 2436 1388 2500; baseline 0.003 -15"><span class='ocrx_word' id='word_1_249' title='bbox 224 2442 296 2485; x_wconf 89' lang='lat' dir='ltr'>stare</span> <span class='ocrx_word' id='word_1_250' title='bbox 313 2436 345 2486; x_wconf 90' lang='lat' dir='ltr'>sd</span> <span class='ocrx_word' id='word_1_251' title='bbox 368 2437 520 2500; x_wconf 75' lang='lat' dir='ltr'>praebendas</span> <span class='ocrx_word' id='word_1_252' title='bbox 539 2441 652 2488; x_wconf 79' lang='lat' dir='ltr'>cervices</span> <span class='ocrx_word' id='word_1_253' title='bbox 671 2439 751 2489; x_wconf 87' lang='lat' dir='ltr'>inmo·</span> <span class='ocrx_word' id='word_1_254' title='bbox 790 2440 879 2491; x_wconf 89' lang='lat' dir='ltr'>Utitur</span> <span class='ocrx_word' id='word_1_255' title='bbox 896 2441 1034 2491; x_wconf 82' lang='lat' dir='ltr'>Suetonius</span> <span class='ocrx_word' id='word_1_256' title='bbox 1051 2439 1076 2488; x_wconf 91' lang='lat' dir='ltr'>iu</span> <span class='ocrx_word' id='word_1_257' title='bbox 1090 2438 1193 2488; x_wconf 86' lang='lat' dir='ltr'>Tiberio</span> <span class='ocrx_word' id='word_1_258' title='bbox 1209 2452 1233 2488; x_wconf 85' lang='lat' dir='ltr'>e.</span> <span class='ocrx_word' id='word_1_259' title='bbox 1246 2442 1271 2488; x_wconf 80' lang='grc'><strong>4.</strong></span> <span class='ocrx_word' id='word_1_260' title='bbox 1286 2438 1313 2486; x_wconf 91' lang='lat' dir='ltr'>irs</span> <span class='ocrx_word' id='word_1_261' title='bbox 1384 2483 1388 2489; x_wconf 75' lang='grc'>,</span> 
     </span>
    </p>
   </div>
   <div class='ocr_carea' id='block_1_4' title="bbox 214 2513 1319 4344">
    <p class='ocr_par' dir='ltr' id='par_1_4' title="bbox 214 2513 1319 4344">
     <span class='ocr_line' id='line_1_28' title="bbox 224 2513 1313 2581; baseline 0.003 -19"><span class='ocrx_word' id='word_1_262' title='bbox 224 2513 299 2562; x_wconf 64' lang='lat' dir='ltr'>tum!</span> <span class='ocrx_word' id='word_1_263' title='bbox 332 2514 507 2577; x_wconf 84' lang='lat' dir='ltr'>Declamatio,</span> <span class='ocrx_word' id='word_1_264' title='bbox 521 2531 578 2581; x_wconf 68' lang='lat' dir='ltr'>ques</span> <span class='ocrx_word' id='word_1_265' title='bbox 596 2514 661 2564; x_wconf 88' lang='lat' dir='ltr'>falso</span> <span class='ocrx_word' id='word_1_266' title='bbox 676 2517 750 2566; x_wconf 83' lang='lat' dir='ltr'>Cice·</span> <span class='ocrx_word' id='word_1_267' title='bbox 789 2519 893 2568; x_wconf 78' lang='lat' dir='ltr'>Nerone</span> <span class='ocrx_word' id='word_1_268' title='bbox 913 2533 937 2566; x_wconf 78' lang='grc' dir='ltr'><strong>ο.</strong></span> <span class='ocrx_word' id='word_1_269' title='bbox 954 2521 995 2567; x_wconf 73' lang='grc'><strong>57.</strong></span> <span class='ocrx_word' id='word_1_270' title='bbox 1015 2525 1043 2567; x_wconf 89' lang='lat' dir='ltr'>et</span> <span class='ocrx_word' id='word_1_271' title='bbox 1058 2518 1121 2565; x_wconf 77' lang='lat' dir='ltr'>Sea.</span> <span class='ocrx_word' id='word_1_272' title='bbox 1140 2514 1205 2565; x_wconf 75' lang='lat' dir='ltr'>Aur·</span> <span class='ocrx_word' id='word_1_273' title='bbox 1220 2516 1313 2565; x_wconf 84' lang='lat' dir='ltr'>Victor</span> 
     </span>
     <span class='ocr_line' id='line_1_29' title="bbox 224 2590 1312 2657; baseline 0.002 -18"><span class='ocrx_word' id='word_1_274' title='bbox 224 2590 280 2640; x_wconf 87' lang='lat' dir='ltr'>roui</span> <span class='ocrx_word' id='word_1_275' title='bbox 294 2590 426 2653; x_wconf 87' lang='lat' dir='ltr'>tribuitur,</span> <span class='ocrx_word' id='word_1_276' title='bbox 438 2603 525 2657; x_wconf 85' lang='lat' dir='ltr'>suteq.</span> <span class='ocrx_word' id='word_1_277' title='bbox 541 2594 592 2642; x_wconf 88' lang='lat' dir='ltr'>iret</span> <span class='ocrx_word' id='word_1_278' title='bbox 602 2594 626 2642; x_wconf 92' lang='lat' dir='ltr'>in</span> <span class='ocrx_word' id='word_1_279' title='bbox 637 2594 710 2644; x_wconf 80' lang='lat' dir='ltr'>essil.</span> <span class='ocrx_word' id='word_1_280' title='bbox 727 2609 751 2645; x_wconf 80' lang='lat' dir='ltr'>e·</span> <span class='ocrx_word' id='word_1_281' title='bbox 787 2596 905 2645; x_wconf 82' lang='lat' dir='ltr'>similitor</span> <span class='ocrx_word' id='word_1_282' title='bbox 922 2596 947 2644; x_wconf 92' lang='lat' dir='ltr'>in</span> <span class='ocrx_word' id='word_1_283' title='bbox 960 2595 1013 2644; x_wconf 85' lang='lat' dir='ltr'>rita</span> <span class='ocrx_word' id='word_1_284' title='bbox 1026 2593 1146 2643; x_wconf 87' lang='lat' dir='ltr'>Neronis.</span> <span class='ocrx_word' id='word_1_285' title='bbox 1171 2592 1230 2641; x_wconf 86' lang='lat' dir='ltr'>Vsl.</span> <span class='ocrx_word' id='word_1_286' title='bbox 1240 2592 1312 2642; x_wconf 81' lang='lat' dir='ltr'>Mas.</span> 
     </span>
     <span class='ocr_line' id='line_1_30' title="bbox 223 2668 1313 2733; baseline 0.004 -16"><span class='ocrx_word' id='word_1_287' title='bbox 223 2671 249 2716; x_wconf 84' lang='grc'><strong>8.</strong></span> <span class='ocrx_word' id='word_1_288' title='bbox 275 2668 351 2718; x_wconf 78' lang='lat' dir='ltr'>‘Ore</span> <span class='ocrx_word' id='word_1_289' title='bbox 372 2685 496 2733; x_wconf 84' lang='lat' dir='ltr'>oppresso</span> <span class='ocrx_word' id='word_1_290' title='bbox 520 2672 670 2733; x_wconf 80' lang='lat' dir='ltr'>praebendas</span> <span class='ocrx_word' id='word_1_291' title='bbox 692 2685 750 2722; x_wconf 86' lang='lat' dir='ltr'>esse</span> <span class='ocrx_word' id='word_1_292' title='bbox 786 2686 814 2721; x_wconf 81' lang='lat' dir='ltr'>v.</span> <span class='ocrx_word' id='word_1_293' title='bbox 832 2676 872 2722; x_wconf 90' lang='grc'><strong>21.</strong></span> <span class='ocrx_word' id='word_1_294' title='bbox 890 2673 923 2722; x_wconf 85' lang='lat' dir='ltr'>de</span> <span class='ocrx_word' id='word_1_295' title='bbox 942 2673 975 2725; x_wconf 80' lang='lat' dir='ltr'>Q.</span> <span class='ocrx_word' id='word_1_296' title='bbox 996 2670 1119 2720; x_wconf 86' lang='lat' dir='ltr'>Terentio</span> <span class='ocrx_word' id='word_1_297' title='bbox 1141 2671 1263 2719; x_wconf 85' lang='lat' dir='ltr'>Crsleoue.</span> <span class='ocrx_word' id='word_1_298' title='bbox 1283 2677 1313 2721; x_wconf 86' lang='lat' dir='ltr'>et</span> 
     </span>
     <span class='ocr_line' id='line_1_31' title="bbox 224 2745 1310 2800; baseline 0.004 -7"><span class='ocrx_word' id='word_1_299' title='bbox 224 2745 358 2796; x_wconf 70' lang='lat' dir='ltr'>cervices!</span> <span class='ocrx_word' id='word_1_300' title='bbox 391 2748 450 2797; x_wconf 81' lang='lat' dir='ltr'>Vol.</span> <span class='ocrx_word' id='word_1_301' title='bbox 477 2749 548 2798; x_wconf 87' lang='lat' dir='ltr'>Mas.</span> <span class='ocrx_word' id='word_1_302' title='bbox 567 2762 593 2797; x_wconf 83' lang='lat' dir='ltr'>v.</span> <span class='ocrx_word' id='word_1_303' title='bbox 615 2754 640 2799; x_wconf 82' lang='grc'><strong>9.</strong></span> <span class='ocrx_word' id='word_1_304' title='bbox 660 2764 702 2799; x_wconf 81' lang='lat' dir='ltr'>ex.</span> <span class='ocrx_word' id='word_1_305' title='bbox 723 2753 749 2800; x_wconf 80' lang='grc'><strong>1.</strong></span> <span class='ocrx_word' id='word_1_306' title='bbox 789 2763 850 2800; x_wconf 84' lang='lat' dir='ltr'>vrrs.</span> <span class='ocrx_word' id='word_1_307' title='bbox 871 2754 896 2800; x_wconf 81' lang='grc' dir='ltr'><strong>θ.</strong></span> <span class='ocrx_word' id='word_1_308' title='bbox 917 2749 949 2798; x_wconf 92' lang='lat' dir='ltr'>de</span> <span class='ocrx_word' id='word_1_309' title='bbox 972 2749 1003 2798; x_wconf 84' lang='lat' dir='ltr'>C.</span> <span class='ocrx_word' id='word_1_310' title='bbox 1023 2748 1119 2798; x_wconf 86' lang='lat' dir='ltr'>Mario.</span> <span class='ocrx_word' id='word_1_311' title='bbox 1158 2749 1243 2798; x_wconf 76' lang='lat' dir='ltr'>Livius</span> <span class='ocrx_word' id='word_1_312' title='bbox 1264 2747 1310 2798; x_wconf 84' lang='lat' dir='ltr'>lib.</span> 
     </span>
     <span class='ocr_line' id='line_1_32' title="bbox 223 2820 1311 2890; baseline 0.006 -20"><span class='ocrx_word' id='word_1_313' title='bbox 223 2820 401 2887; x_wconf 72' lang='lat' dir='ltr'>‘chsrgnlnm</span> <span class='ocrx_word' id='word_1_314' title='bbox 414 2823 557 2874; x_wconf 86' lang='lat' dir='ltr'>feriendum</span> <span class='ocrx_word' id='word_1_315' title='bbox 570 2827 680 2889; x_wconf 76' lang='lat' dir='ltr'>prebuit</span> <span class='ocrx_word' id='word_1_316' title='bbox 689 2826 706 2877; x_wconf 69' lang='grc' dir='ltr'>τ’</span> <span class='ocrx_word' id='word_1_317' title='bbox 721 2836 748 2879; x_wconf 89' lang='lat' dir='ltr'>et</span> <span class='ocrx_word' id='word_1_318' title='bbox 786 2838 886 2876; x_wconf 79' lang='lat' dir='ltr'>xxxiv.</span> <span class='ocrx_word' id='word_1_319' title='bbox 896 2827 1029 2876; x_wconf 84' lang='lat' dir='ltr'>Annalium</span> <span class='ocrx_word' id='word_1_320' title='bbox 1039 2842 1045 2875; x_wconf 92' lang='lat'><strong>:</strong></span> <span class='ocrx_word' id='word_1_321' title='bbox 1057 2825 1242 2876; x_wconf 78' lang='lat' dir='ltr'>‘Proebuerunt</span> <span class='ocrx_word' id='word_1_322' title='bbox 1251 2840 1311 2890; x_wconf 89' lang='lat' dir='ltr'>spe·</span> 
     </span>
     <span class='ocr_line' id='line_1_33' title="bbox 223 2901 1311 2967; baseline -0.001 -21"><span class='ocrx_word' id='word_1_323' title='bbox 223 2909 262 2946; x_wconf 82' lang='lat' dir='ltr'>vs.</span> <span class='ocrx_word' id='word_1_324' title='bbox 278 2901 301 2947; x_wconf 79' lang='grc' dir='ltr'><strong>Β.</strong></span> <span class='ocrx_word' id='word_1_325' title='bbox 317 2914 358 2949; x_wconf 83' lang='lat' dir='ltr'>ex.</span> <span class='ocrx_word' id='word_1_326' title='bbox 374 2905 398 2950; x_wconf 73' lang='grc'><strong>2.</strong></span> <span class='ocrx_word' id='word_1_327' title='bbox 419 2902 513 2951; x_wconf 80' lang='lat' dir='ltr'>‘Ssrro</span> <span class='ocrx_word' id='word_1_328' title='bbox 525 2918 571 2952; x_wconf 91' lang='lat' dir='ltr'>sno</span> <span class='ocrx_word' id='word_1_329' title='bbox 582 2906 698 2955; x_wconf 76' lang='lat' dir='ltr'>cervices</span> <span class='ocrx_word' id='word_1_330' title='bbox 709 2906 746 2954; x_wconf 92' lang='lat' dir='ltr'>in·</span> <span class='ocrx_word' id='word_1_331' title='bbox 784 2904 848 2954; x_wconf 83' lang='lat' dir='ltr'>ciem</span> <span class='ocrx_word' id='word_1_332' title='bbox 862 2905 980 2967; x_wconf 83' lang='lat' dir='ltr'>triumphi</span> <span class='ocrx_word' id='word_1_333' title='bbox 993 2903 1121 2966; x_wconf 87' lang='lat' dir='ltr'>capitibus</span> <span class='ocrx_word' id='word_1_334' title='bbox 1133 2903 1193 2951; x_wconf 90' lang='lat' dir='ltr'>rasis</span> <span class='ocrx_word' id='word_1_335' title='bbox 1204 2904 1245 2966; x_wconf 84' lang='lat' dir='ltr'>qni</span> <span class='ocrx_word' id='word_1_336' title='bbox 1258 2916 1311 2951; x_wconf 86' lang='lat' dir='ltr'>aar.</span> 
     </span>
     <span class='ocr_line' id='line_1_34' title="bbox 222 2971 1310 3043; baseline 0.004 -21"><span class='ocrx_word' id='word_1_337' title='bbox 222 2971 345 3025; x_wconf 87' lang='lat' dir='ltr'>eidendss</span> <span class='ocrx_word' id='word_1_338' title='bbox 364 2977 491 3040; x_wconf 63' lang='lat' dir='ltr'>prebuit!</span> <span class='ocrx_word' id='word_1_339' title='bbox 524 2980 649 3030; x_wconf 83' lang='lat' dir='ltr'>Quinctil.</span> <span class='ocrx_word' id='word_1_340' title='bbox 671 2983 747 3031; x_wconf 88' lang='lat' dir='ltr'>Deci.</span> <span class='ocrx_word' id='word_1_341' title='bbox 785 2981 866 3030; x_wconf 79' lang='lat' dir='ltr'>vitute</span> <span class='ocrx_word' id='word_1_342' title='bbox 888 2981 1004 3043; x_wconf 82' lang='lat' dir='ltr'>exempti</span> <span class='ocrx_word' id='word_1_343' title='bbox 1025 2976 1146 3026; x_wconf 64' lang='lat' dir='ltr'>luerunt!</span> <span class='ocrx_word' id='word_1_344' title='bbox 1177 2976 1310 3026; x_wconf 86' lang='lat' dir='ltr'>videndus</span> 
     </span>
     <span class='ocr_line' id='line_1_35' title="bbox 222 3051 1310 3122; baseline -0.002 -20"><span class='ocrx_word' id='word_1_345' title='bbox 222 3065 264 3102; x_wconf 78' lang='grc' dir='ltr'><strong>ιι.</strong></span> <span class='ocrx_word' id='word_1_346' title='bbox 281 3061 305 3105; x_wconf 81' lang='lat' dir='ltr'>t.</span> <span class='ocrx_word' id='word_1_347' title='bbox 323 3054 479 3106; x_wconf 78' lang='lat' dir='ltr'>‘Grassatus</span> <span class='ocrx_word' id='word_1_348' title='bbox 496 3057 585 3122; x_wconf 84' lang='lat' dir='ltr'>aliquis</span> <span class='ocrx_word' id='word_1_349' title='bbox 606 3068 647 3109; x_wconf 86' lang='lat' dir='ltr'>est</span> <span class='ocrx_word' id='word_1_350' title='bbox 667 3059 746 3119; x_wconf 81' lang='lat' dir='ltr'>ferro,</span> <span class='ocrx_word' id='word_1_351' title='bbox 783 3056 939 3105; x_wconf 78' lang='lat' dir='ltr'>Plutarchus</span> <span class='ocrx_word' id='word_1_352' title='bbox 966 3057 991 3102; x_wconf 86' lang='lat' dir='ltr'>in</span> <span class='ocrx_word' id='word_1_353' title='bbox 1014 3054 1075 3102; x_wconf 81' lang='lat' dir='ltr'>Tito</span> <span class='ocrx_word' id='word_1_354' title='bbox 1103 3051 1254 3106; x_wconf 72' lang='lat' dir='ltr'>Flaminino,</span> <span class='ocrx_word' id='word_1_355' title='bbox 1281 3059 1310 3101; x_wconf 84' lang='lat' dir='ltr'>et</span> 
     </span>
     <span class='ocr_line' id='line_1_36' title="bbox 220 3124 1308 3196; baseline -0.001 -18"><span class='ocrx_word' id='word_1_356' title='bbox 220 3130 340 3194; x_wconf 72' lang='lat' dir='ltr'>prebeat</span> <span class='ocrx_word' id='word_1_357' title='bbox 356 3138 383 3179; x_wconf 87' lang='lat' dir='ltr'>et</span> <span class='ocrx_word' id='word_1_358' title='bbox 399 3133 455 3195; x_wconf 89' lang='lat' dir='ltr'>ipse</span> <span class='ocrx_word' id='word_1_359' title='bbox 467 3135 606 3184; x_wconf 78' lang='lat' dir='ltr'>certicesr’</span> <span class='ocrx_word' id='word_1_360' title='bbox 624 3134 669 3185; x_wconf 77' lang='lat' dir='ltr'>tut.</span> <span class='ocrx_word' id='word_1_361' title='bbox 681 3137 745 3187; x_wconf 86' lang='lat' dir='ltr'>Nos·</span> <span class='ocrx_word' id='word_1_362' title='bbox 784 3133 917 3196; x_wconf 78' lang='lat' dir='ltr'>Appianas</span> <span class='ocrx_word' id='word_1_363' title='bbox 928 3131 953 3178; x_wconf 92' lang='lat' dir='ltr'>iu</span> <span class='ocrx_word' id='word_1_364' title='bbox 969 3126 1147 3177; x_wconf 77' lang='lat' dir='ltr'>Mithridatico</span> <span class='ocrx_word' id='word_1_365' title='bbox 1163 3124 1196 3174; x_wconf 88' lang='lat' dir='ltr'>de</span> <span class='ocrx_word' id='word_1_366' title='bbox 1214 3127 1308 3177; x_wconf 81' lang='lat' dir='ltr'>Prusia</span> 
     </span>
     <span class='ocr_line' id='line_1_37' title="bbox 220 3202 1308 3273; baseline -0.002 -18"><span class='ocrx_word' id='word_1_367' title='bbox 220 3213 263 3256; x_wconf 84' lang='lat' dir='ltr'>ter</span> <span class='ocrx_word' id='word_1_368' title='bbox 274 3222 297 3255; x_wconf 89' lang='lat' dir='ltr'>c.</span> <span class='ocrx_word' id='word_1_369' title='bbox 313 3210 376 3270; x_wconf 61' lang='lat' dir='ltr'>SM</span> <span class='ocrx_word' id='word_1_370' title='bbox 391 3211 415 3256; x_wconf 78' lang='lat' dir='ltr'>t.</span> <span class='ocrx_word' id='word_1_371' title='bbox 449 3210 507 3258; x_wconf 87' lang='lat' dir='ltr'>Hoc</span> <span class='ocrx_word' id='word_1_372' title='bbox 522 3211 600 3260; x_wconf 83' lang='lat' dir='ltr'>‘dare</span> <span class='ocrx_word' id='word_1_373' title='bbox 612 3202 746 3263; x_wconf 65' lang='lat' dir='ltr'>cervices&#39;</span> <span class='ocrx_word' id='word_1_374' title='bbox 783 3210 899 3273; x_wconf 86' lang='lat' dir='ltr'>loquens,</span> <span class='ocrx_word' id='word_1_375' title='bbox 910 3216 938 3255; x_wconf 88' lang='lat' dir='ltr'>et</span> <span class='ocrx_word' id='word_1_376' title='bbox 954 3204 1068 3256; x_wconf 82' lang='lat' dir='ltr'>Jacobns</span> <span class='ocrx_word' id='word_1_377' title='bbox 1084 3202 1225 3251; x_wconf 75' lang='lat' dir='ltr'>lietardus</span> <span class='ocrx_word' id='word_1_378' title='bbox 1241 3203 1308 3253; x_wconf 90' lang='lat' dir='ltr'>libro</span> 
     </span>
     <span class='ocr_line' id='line_1_38' title="bbox 218 3280 1306 3345; baseline -0.001 -13"><span class='ocrx_word' id='word_1_379' title='bbox 218 3281 288 3332; x_wconf 80' lang='lat' dir='ltr'>‹ttsts</span> <span class='ocrx_word' id='word_1_380' title='bbox 300 3283 434 3345; x_wconf 74' lang='lat' dir='ltr'>aliquoties</span> <span class='ocrx_word' id='word_1_381' title='bbox 446 3285 536 3333; x_wconf 85' lang='lat' dir='ltr'>Cicero</span> <span class='ocrx_word' id='word_1_382' title='bbox 546 3296 573 3336; x_wconf 89' lang='lat' dir='ltr'>et</span> <span class='ocrx_word' id='word_1_383' title='bbox 586 3288 701 3338; x_wconf 80' lang='lat' dir='ltr'>Velleius</span> <span class='ocrx_word' id='word_1_384' title='bbox 714 3304 745 3341; x_wconf 80' lang='grc' dir='ltr'>ιι.</span> <span class='ocrx_word' id='word_1_385' title='bbox 783 3286 815 3334; x_wconf 90' lang='lat' dir='ltr'>de</span> <span class='ocrx_word' id='word_1_386' title='bbox 827 3284 982 3334; x_wconf 88' lang='lat' dir='ltr'>auctoritate</span> <span class='ocrx_word' id='word_1_387' title='bbox 994 3280 1158 3345; x_wconf 81' lang='lat' dir='ltr'>prudentum.</span> <span class='ocrx_word' id='word_1_388' title='bbox 1178 3280 1226 3330; x_wconf 83' lang='lat' dir='ltr'>Est</span> <span class='ocrx_word' id='word_1_389' title='bbox 1236 3280 1306 3345; x_wconf 83' lang='lat' dir='ltr'>apud</span> 
     </span>
     <span class='ocr_line' id='line_1_39' title="bbox 218 3356 1307 3421; baseline -0.003 -12"><span class='ocrx_word' id='word_1_390' title='bbox 218 3365 260 3411; x_wconf 71' lang='lat'>09.</span> <span class='ocrx_word' id='word_1_391' title='bbox 273 3360 286 3421; x_wconf 78' lang='lat'>§</span> <span class='ocrx_word' id='word_1_392' title='bbox 298 3363 322 3407; x_wconf 89' lang='grc'><strong>2.</strong></span> <span class='ocrx_word' id='word_1_393' title='bbox 356 3359 452 3408; x_wconf 83' lang='lat' dir='ltr'>Confer</span> <span class='ocrx_word' id='word_1_394' title='bbox 464 3360 601 3411; x_wconf 79' lang='lat' dir='ltr'>Abrsmurn</span> <span class='ocrx_word' id='word_1_395' title='bbox 615 3369 646 3413; x_wconf 77' lang='lat' dir='ltr'>ad</span> <span class='ocrx_word' id='word_1_396' title='bbox 659 3366 745 3416; x_wconf 71' lang='lat' dir='ltr'>cicer.</span> <span class='ocrx_word' id='word_1_397' title='bbox 782 3373 824 3408; x_wconf 90' lang='lat' dir='ltr'>sue</span> <span class='ocrx_word' id='word_1_398' title='bbox 835 3374 951 3408; x_wconf 88' lang='lat' dir='ltr'>nummus</span> <span class='ocrx_word' id='word_1_399' title='bbox 967 3372 1058 3418; x_wconf 74' lang='lat' dir='ltr'>tereus,</span> <span class='ocrx_word' id='word_1_400' title='bbox 1070 3356 1096 3405; x_wconf 91' lang='lat' dir='ltr'>in</span> <span class='ocrx_word' id='word_1_401' title='bbox 1108 3372 1159 3420; x_wconf 87' lang='lat' dir='ltr'>quo</span> <span class='ocrx_word' id='word_1_402' title='bbox 1175 3357 1236 3420; x_wconf 88' lang='lat' dir='ltr'>pilel</span> <span class='ocrx_word' id='word_1_403' title='bbox 1254 3356 1307 3407; x_wconf 81' lang='lat' dir='ltr'>ior·</span> 
     </span>
     <span class='ocr_line' id='line_1_40' title="bbox 219 3432 1319 3502; baseline -0.005 -15"><span class='ocrx_word' id='word_1_404' title='bbox 219 3452 268 3502; x_wconf 90' lang='lat' dir='ltr'>pro</span> <span class='ocrx_word' id='word_1_405' title='bbox 278 3438 335 3486; x_wconf 89' lang='lat' dir='ltr'>Mil.</span> <span class='ocrx_word' id='word_1_406' title='bbox 348 3442 417 3487; x_wconf 84' lang='lat' dir='ltr'>e·ll.</span> <span class='ocrx_word' id='word_1_407' title='bbox 431 3438 563 3488; x_wconf 79' lang='lat' dir='ltr'>Juvenalis</span> <span class='ocrx_word' id='word_1_408' title='bbox 575 3441 630 3489; x_wconf 87' lang='lat' dir='ltr'>Sat.</span> <span class='ocrx_word' id='word_1_409' title='bbox 642 3454 668 3489; x_wconf 89' lang='lat' dir='ltr'>v.</span> <span class='ocrx_word' id='word_1_410' title='bbox 678 3441 745 3492; x_wconf 78' lang='lat' dir='ltr'>liner</span> <span class='ocrx_word' id='word_1_411' title='bbox 782 3451 824 3486; x_wconf 87' lang='lat' dir='ltr'>rna</span> <span class='ocrx_word' id='word_1_412' title='bbox 846 3445 964 3499; x_wconf 88' lang='lat' dir='ltr'>apparet,</span> <span class='ocrx_word' id='word_1_413' title='bbox 980 3449 1038 3484; x_wconf 88' lang='lat' dir='ltr'>cum</span> <span class='ocrx_word' id='word_1_414' title='bbox 1058 3434 1106 3482; x_wconf 90' lang='lat' dir='ltr'>lrsc</span> <span class='ocrx_word' id='word_1_415' title='bbox 1129 3432 1319 3496; x_wconf 84' lang='lat' dir='ltr'>inscriptione,¹</span> 
     </span>
     <span class='ocr_line' id='line_1_41' title="bbox 216 3509 1306 3579; baseline -0.003 -15"><span class='ocrx_word' id='word_1_416' title='bbox 216 3514 371 3564; x_wconf 76' lang='lat' dir='ltr'>‘Praebebis</span> <span class='ocrx_word' id='word_1_417' title='bbox 400 3513 551 3578; x_wconf 78' lang='lat' dir='ltr'>quaudoque</span> <span class='ocrx_word' id='word_1_418' title='bbox 581 3527 669 3579; x_wconf 87' lang='lat' dir='ltr'>capnt,</span> <span class='ocrx_word' id='word_1_419' title='bbox 697 3534 745 3570; x_wconf 74' lang='lat' dir='ltr'>nee</span> <span class='ocrx_word' id='word_1_420' title='bbox 781 3528 916 3564; x_wconf 77' lang='lat' dir='ltr'>aseenrss</span> <span class='ocrx_word' id='word_1_421' title='bbox 937 3527 1040 3563; x_wconf 80' lang='lat' dir='ltr'>senes.</span> <span class='ocrx_word' id='word_1_422' title='bbox 1077 3509 1144 3561; x_wconf 82' lang='lat' dir='ltr'>Quin</span> <span class='ocrx_word' id='word_1_423' title='bbox 1167 3518 1195 3559; x_wconf 88' lang='lat' dir='ltr'>et</span> <span class='ocrx_word' id='word_1_424' title='bbox 1215 3510 1306 3561; x_wconf 85' lang='lat' dir='ltr'>Casto·</span> 
     </span>
     <span class='ocr_line' id='line_1_42' title="bbox 219 3585 1305 3658; baseline -0.006 -18"><span class='ocrx_word' id='word_1_425' title='bbox 219 3592 283 3641; x_wconf 85' lang='lat' dir='ltr'>dura</span> <span class='ocrx_word' id='word_1_426' title='bbox 300 3591 403 3642; x_wconf 87' lang='lat' dir='ltr'>timebis</span> <span class='ocrx_word' id='word_1_427' title='bbox 421 3592 515 3655; x_wconf 77' lang='lat' dir='ltr'>Flsgrs</span> <span class='ocrx_word' id='word_1_428' title='bbox 533 3592 595 3655; x_wconf 91' lang='lat' dir='ltr'>pati,</span> <span class='ocrx_word' id='word_1_429' title='bbox 607 3594 645 3642; x_wconf 88' lang='lat' dir='ltr'>lsis</span> <span class='ocrx_word' id='word_1_430' title='bbox 662 3596 744 3658; x_wconf 87' lang='lat' dir='ltr'>epulis</span> <span class='ocrx_word' id='word_1_431' title='bbox 783 3607 836 3641; x_wconf 89' lang='lat' dir='ltr'>rem</span> <span class='ocrx_word' id='word_1_432' title='bbox 848 3600 874 3641; x_wconf 89' lang='lat' dir='ltr'>st</span> <span class='ocrx_word' id='word_1_433' title='bbox 886 3592 1019 3640; x_wconf 86' lang='lat' dir='ltr'>Pollucem</span> <span class='ocrx_word' id='word_1_434' title='bbox 1031 3588 1140 3638; x_wconf 79' lang='lat' dir='ltr'>Helenae</span> <span class='ocrx_word' id='word_1_435' title='bbox 1156 3585 1250 3636; x_wconf 80' lang='lat' dir='ltr'>tratres</span> <span class='ocrx_word' id='word_1_436' title='bbox 1267 3586 1305 3650; x_wconf 89' lang='lat' dir='ltr'>pi-</span> 
     </span>
     <span class='ocr_line' id='line_1_43' title="bbox 219 3663 1305 3733; baseline -0.005 -14"><span class='ocrx_word' id='word_1_437' title='bbox 219 3677 247 3720; x_wconf 85' lang='lat' dir='ltr'>et</span> <span class='ocrx_word' id='word_1_438' title='bbox 260 3669 303 3719; x_wconf 87' lang='lat' dir='ltr'>tali</span> <span class='ocrx_word' id='word_1_439' title='bbox 316 3668 516 3733; x_wconf 69' lang='lat' dir='ltr'>dignnssmtco!</span> <span class='ocrx_word' id='word_1_440' title='bbox 532 3670 618 3720; x_wconf 74' lang='lat' dir='ltr'>Ariste.</span> <span class='ocrx_word' id='word_1_441' title='bbox 781 3669 863 3718; x_wconf 87' lang='lat' dir='ltr'>leatus</span> <span class='ocrx_word' id='word_1_442' title='bbox 881 3670 940 3717; x_wconf 85' lang='lat' dir='ltr'>olins</span> <span class='ocrx_word' id='word_1_443' title='bbox 958 3665 1100 3730; x_wconf 78' lang='lat' dir='ltr'>tingebant,</span> <span class='ocrx_word' id='word_1_444' title='bbox 1111 3664 1182 3726; x_wconf 81' lang='lat' dir='ltr'>qussi</span> <span class='ocrx_word' id='word_1_445' title='bbox 1194 3663 1305 3715; x_wconf 70' lang='lat' dir='ltr'>oreste</span> 
     </span>
     <span class='ocr_line' id='line_1_44' title="bbox 252 3739 1305 3812; baseline -0.008 -14"><span class='ocrx_word' id='word_1_446' title='bbox 252 3749 317 3799; x_wconf 81' lang='lat' dir='ltr'>Csr.</span> <span class='ocrx_word' id='word_1_447' title='bbox 344 3761 421 3800; x_wconf 72' lang='grc' dir='ltr'><strong>ιω.</strong></span> <span class='ocrx_word' id='word_1_448' title='bbox 458 3749 504 3811; x_wconf 73' lang='lat'>§1</span> <span class='ocrx_word' id='word_1_449' title='bbox 532 3748 621 3812; x_wconf 74' lang='lat' dir='ltr'>Cmsu]</span> <span class='ocrx_word' id='word_1_450' title='bbox 644 3748 744 3800; x_wconf 77' lang='lat' dir='ltr'>Abita</span> <span class='ocrx_word' id='word_1_451' title='bbox 780 3745 940 3794; x_wconf 87' lang='lat' dir='ltr'>liberatores.</span> <span class='ocrx_word' id='word_1_452' title='bbox 974 3744 1068 3792; x_wconf 84' lang='lat' dir='ltr'>Sestsrs</span> <span class='ocrx_word' id='word_1_453' title='bbox 1086 3739 1305 3805; x_wconf 87' lang='lat' dir='ltr'>tsmenPornpei·</span> 
     </span>
     <span class='ocr_line' id='line_1_45' title="bbox 219 3817 1304 3888; baseline -0.005 -15"><span class='ocrx_word' id='word_1_454' title='bbox 219 3826 321 3888; x_wconf 72' lang='lat' dir='ltr'>vulgats</span> <span class='ocrx_word' id='word_1_455' title='bbox 336 3825 443 3875; x_wconf 75' lang='lat' dir='ltr'>Letoa</span> <span class='ocrx_word' id='word_1_456' title='bbox 462 3833 488 3874; x_wconf 90' lang='lat' dir='ltr'>et</span> <span class='ocrx_word' id='word_1_457' title='bbox 507 3824 594 3874; x_wconf 86' lang='lat' dir='ltr'>Haun.</span> <span class='ocrx_word' id='word_1_458' title='bbox 621 3826 743 3876; x_wconf 81' lang='lat' dir='ltr'>Cornelias</span> <span class='ocrx_word' id='word_1_459' title='bbox 780 3837 809 3871; x_wconf 89' lang='lat' dir='ltr'>us</span> <span class='ocrx_word' id='word_1_460' title='bbox 822 3823 852 3871; x_wconf 91' lang='lat' dir='ltr'>iis</span> <span class='ocrx_word' id='word_1_461' title='bbox 865 3829 983 3886; x_wconf 86' lang='lat' dir='ltr'>tanquam</span> <span class='ocrx_word' id='word_1_462' title='bbox 996 3817 1149 3879; x_wconf 88' lang='lat' dir='ltr'>Laconibus,</span> <span class='ocrx_word' id='word_1_463' title='bbox 1160 3817 1252 3880; x_wconf 87' lang='lat' dir='ltr'>quibus</span> <span class='ocrx_word' id='word_1_464' title='bbox 1264 3819 1304 3882; x_wconf 87' lang='lat' dir='ltr'>pi·</span> 
     </span>
     <span class='ocr_line' id='line_1_46' title="bbox 217 3893 1303 3968; baseline -0.005 -19"><span class='ocrx_word' id='word_1_465' title='bbox 217 3901 320 3950; x_wconf 80' lang='lat' dir='ltr'>orsesium</span> <span class='ocrx_word' id='word_1_466' title='bbox 334 3901 539 3966; x_wconf 72' lang='lat' dir='ltr'>flagitiosissimus</span> <span class='ocrx_word' id='word_1_467' title='bbox 559 3902 742 3968; x_wconf 76' lang='lat' dir='ltr'>exprimentes,</span> <span class='ocrx_word' id='word_1_468' title='bbox 779 3900 852 3949; x_wconf 89' lang='lat' dir='ltr'>lestis</span> <span class='ocrx_word' id='word_1_469' title='bbox 870 3911 983 3961; x_wconf 78' lang='lat' dir='ltr'>pugnare</span> <span class='ocrx_word' id='word_1_470' title='bbox 996 3910 1050 3943; x_wconf 93' lang='lat' dir='ltr'>mos</span> <span class='ocrx_word' id='word_1_471' title='bbox 1065 3893 1249 3955; x_wconf 89' lang='lat' dir='ltr'>eret,sttribui</span> <span class='ocrx_word' id='word_1_472' title='bbox 1264 3895 1303 3958; x_wconf 90' lang='lat' dir='ltr'>pi·</span> 
     </span>
     <span class='ocr_line' id='line_1_47' title="bbox 217 3972 1049 4040; baseline -0.004 -16"><span class='ocrx_word' id='word_1_473' title='bbox 217 3980 248 4024; x_wconf 89' lang='lat' dir='ltr'>ut</span> <span class='ocrx_word' id='word_1_474' title='bbox 258 3977 326 4038; x_wconf 87' lang='lat' dir='ltr'>spnd</span> <span class='ocrx_word' id='word_1_475' title='bbox 337 3978 440 4026; x_wconf 75' lang='lat' dir='ltr'>Sallust.</span> <span class='ocrx_word' id='word_1_476' title='bbox 450 3976 511 4039; x_wconf 73' lang='lat' dir='ltr'>Jug.</span> <span class='ocrx_word' id='word_1_477' title='bbox 523 3992 546 4027; x_wconf 86' lang='lat' dir='ltr'>c.</span> <span class='ocrx_word' id='word_1_478' title='bbox 555 3981 594 4027; x_wconf 85' lang='lat' dir='ltr'>lt.</span> <span class='ocrx_word' id='word_1_479' title='bbox 606 3979 654 4040; x_wconf 65' lang='lat'>§2</span> <span class='ocrx_word' id='word_1_480' title='bbox 671 3979 741 4030; x_wconf 72' lang='lat' dir='ltr'>‘llo</span> <span class='ocrx_word' id='word_1_481' title='bbox 778 3977 845 4026; x_wconf 89' lang='lat' dir='ltr'>lenm</span> <span class='ocrx_word' id='word_1_482' title='bbox 859 3979 942 4038; x_wconf 88' lang='lat' dir='ltr'>putat.</span> <span class='ocrx_word' id='word_1_483' title='bbox 958 3972 1049 4021; x_wconf 85' lang='lat' dir='ltr'>Sclsott.</span> 
     </span>
     <span class='ocr_line' id='line_1_48' title="bbox 217 4044 1301 4118; baseline -0.006 -16"><span class='ocrx_word' id='word_1_484' title='bbox 217 4055 387 4109; x_wconf 85' lang='lat' dir='ltr'>suoomnium,</span> <span class='ocrx_word' id='word_1_485' title='bbox 399 4069 461 4118; x_wconf 86' lang='lat' dir='ltr'>qnos</span> <span class='ocrx_word' id='word_1_486' title='bbox 471 4065 541 4103; x_wconf 85' lang='lat' dir='ltr'>terra</span> <span class='ocrx_word' id='word_1_487' title='bbox 552 4058 674 4118; x_wconf 87' lang='lat' dir='ltr'>sustinet,</span> <span class='ocrx_word' id='word_1_488' title='bbox 685 4072 741 4109; x_wconf 82' lang='lat' dir='ltr'>sce·</span> <span class='ocrx_word' id='word_1_489' title='bbox 812 4051 936 4101; x_wconf 77' lang='lat' dir='ltr'>Octauium</span> <span class='ocrx_word' id='word_1_490' title='bbox 961 4044 1094 4108; x_wconf 78' lang='lat' dir='ltr'>interjecit]</span> <span class='ocrx_word' id='word_1_491' title='bbox 1111 4045 1223 4095; x_wconf 85' lang='lat' dir='ltr'>Veniens</span> <span class='ocrx_word' id='word_1_492' title='bbox 1249 4044 1301 4095; x_wconf 86' lang='lat' dir='ltr'>Ro·</span> 
     </span>
     <span class='ocr_line' id='line_1_49' title="bbox 216 4120 1304 4199; baseline -0.006 -20"><span class='ocrx_word' id='word_1_493' title='bbox 216 4129 384 4179; x_wconf 78' lang='lat' dir='ltr'>lentissimns</span> <span class='ocrx_word' id='word_1_494' title='bbox 395 4131 410 4179; x_wconf 70' lang='grc' dir='ltr'>ι’</span> <span class='ocrx_word' id='word_1_495' title='bbox 421 4140 447 4180; x_wconf 87' lang='lat' dir='ltr'>et</span> <span class='ocrx_word' id='word_1_496' title='bbox 457 4132 552 4182; x_wconf 76' lang='lat' dir='ltr'>lustin.</span> <span class='ocrx_word' id='word_1_497' title='bbox 563 4146 629 4183; x_wconf 83' lang='lat' dir='ltr'>xuss.</span> <span class='ocrx_word' id='word_1_498' title='bbox 640 4138 662 4184; x_wconf 78' lang='lat' dir='ltr'>t.</span> <span class='ocrx_word' id='word_1_499' title='bbox 675 4137 689 4199; x_wconf 59' lang='grc' dir='ltr'><strong>ς</strong></span> <span class='ocrx_word' id='word_1_500' title='bbox 701 4140 740 4185; x_wconf 83' lang='lat' dir='ltr'>tt.</span> <span class='ocrx_word' id='word_1_501' title='bbox 777 4143 844 4179; x_wconf 88' lang='lat' dir='ltr'>mam</span> <span class='ocrx_word' id='word_1_502' title='bbox 868 4128 949 4177; x_wconf 79' lang='lat' dir='ltr'>victor</span> <span class='ocrx_word' id='word_1_503' title='bbox 974 4140 1032 4175; x_wconf 87' lang='lat' dir='ltr'>eum</span> <span class='ocrx_word' id='word_1_504' title='bbox 1058 4123 1152 4183; x_wconf 84' lang='lat' dir='ltr'>Mario,</span> <span class='ocrx_word' id='word_1_505' title='bbox 1175 4120 1304 4188; x_wconf 84' lang='lat' dir='ltr'>Csrboue,</span> 
     </span>
     <span class='ocr_line' id='line_1_50' title="bbox 215 4199 1301 4276; baseline -0.002 -23"><span class='ocrx_word' id='word_1_506' title='bbox 215 4205 273 4255; x_wconf 74' lang='lat' dir='ltr'>‘llt</span> <span class='ocrx_word' id='word_1_507' title='bbox 289 4207 495 4256; x_wconf 83' lang='lat' dir='ltr'>sceleratissimus</span> <span class='ocrx_word' id='word_1_508' title='bbox 510 4210 667 4272; x_wconf 87' lang='lat' dir='ltr'>omnious‚et</span> <span class='ocrx_word' id='word_1_509' title='bbox 684 4213 740 4276; x_wconf 86' lang='lat' dir='ltr'>lpse</span> <span class='ocrx_word' id='word_1_510' title='bbox 776 4206 904 4262; x_wconf 80' lang='lat' dir='ltr'>Sertorio,</span> <span class='ocrx_word' id='word_1_511' title='bbox 926 4202 1061 4268; x_wconf 76' lang='lat' dir='ltr'>premissis</span> <span class='ocrx_word' id='word_1_512' title='bbox 1087 4200 1144 4264; x_wconf 84' lang='lat' dir='ltr'>ejus</span> <span class='ocrx_word' id='word_1_513' title='bbox 1171 4199 1301 4263; x_wconf 85' lang='lat' dir='ltr'>equitibus</span> 
     </span>
     <span class='ocr_line' id='line_1_51' title="bbox 214 4276 1298 4344; baseline -0.001 -10"><span class='ocrx_word' id='word_1_514' title='bbox 214 4281 358 4334; x_wconf 84' lang='lat' dir='ltr'>Pbrslrstes</span> <span class='ocrx_word' id='word_1_515' title='bbox 379 4285 480 4335; x_wconf 85' lang='lat' dir='ltr'>nonius</span> <span class='ocrx_word' id='word_1_516' title='bbox 497 4298 544 4336; x_wconf 81' lang='lat' dir='ltr'>rex</span> <span class='ocrx_word' id='word_1_517' title='bbox 562 4289 740 4340; x_wconf 87' lang='lat' dir='ltr'>statueretur.&#39;</span> <span class='ocrx_word' id='word_1_518' title='bbox 776 4285 887 4336; x_wconf 81' lang='lat' dir='ltr'>mulne</span> <span class='ocrx_word' id='word_1_519' title='bbox 904 4281 1055 4344; x_wconf 83' lang='lat' dir='ltr'>censorino,</span> <span class='ocrx_word' id='word_1_520' title='bbox 1067 4276 1145 4344; x_wconf 85' lang='lat' dir='ltr'>jussit</span> <span class='ocrx_word' id='word_1_521' title='bbox 1159 4277 1298 4333; x_wconf 69' lang='lat' dir='ltr'>onustum</span> 
     </span>
    </p>
   </div>
   <div class='ocr_carea' id='block_1_5' title="bbox 0 0 1542 5040">
    <p class='ocr_par' dir='ltr' id='par_1_5' title="bbox 0 0 1542 5040">
     <span class='ocr_line' id='line_1_52' title="bbox 0 0 1542 5040; baseline 0 8"><span class='ocrx_word' id='word_1_522' title='bbox 0 0 1542 5040; x_wconf 95' lang='lat' dir='ltr'> </span> 
     </span>
    </p>
   </div>
  </div>
 </body>
</html>
