3074 5040
441 357 558 412 snxnr
583 358 747 411 nunsnrr
770 359 963 410 v‘rcnonrs.
1182 344 1251 417 867

183 540 226 558 ·-·
246 506 357 569 Dueci.
373 505 467 568 Sext.
481 508 560 567 Aur.
575 506 685 567 Victor
700 504 739 566 (19
754 503 837 564 Viris
856 503 909 568 Ill.
923 511 981 568 819.
996 505 1136 587 repetitus
1147 527 1186 568 ex
1200 508 1249 571 erl.

145 612 236 669 1577.

186 709 267 762 1586
288 701 420 779 (Poris.)
446 699 588 760 Wechel.
609 698 663 759 191.
684 699 717 762 S.
741 700 784 760 A.
805 699 913 759 Victor
936 698 974 759 de
997 699 1121 779 Origine
1143 698 1252 760 Gentis

147 797 240 859 Rom.
254 806 446 858 annexusest
458 795 494 856 Τ.
513 815 537 858 1.
560 797 797 878 OperunrDiou.
813 796 1050 857 Halicarnasson

190 902 268 954 1588
290 895 429 964 Parisiis,
449 902 479 954 81
502 893 590 956 Sext.
615 892 716 953 Rulrrs
736 903 768 954 et
790 896 902 954 incerto
916 893 1033 953 nomine
1054 892 1155 969 (Sext.
1174 889 1254 954 Aur.

148 991 269 1069 Victor)
284 991 322 1051 de
337 991 464 1069 Origine
478 990 589 1050 Gentis
610 989 770 1064 Romanu),
790 992 819 1050 in
843 991 990 1072 Onuphrii
1012 989 1156 1051 Ponvinii
1176 987 1256 1050 Rei-

147 1087 277 1170 publicae
295 1087 388 1148 Rom.
406 1088 644 1149 Commentariis.
1287 1075 1291 1082 ’

188 1219 230 1230 -
251 1183 450 1255 Frnncofurti,
478 1184 532 1246 iol.
562 1185 695 1246 Messele
727 1186 885 1257 Corvinus,
914 1184 1002 1245 Sext.
1034 1181 1112 1245 Aur.
1135 1183 1256 1255 Victor,

149 1280 236 1343 Sext.
252 1280 363 1351 Rufus,
377 1292 408 1341 et
423 1282 596 1364 Eutropius,
610 1303 649 1343 ex
667 1282 716 1343 ed.
731 1282 836 1342 Vineti
850 1281 963 1342 9911919
975 1300 1043 1340 oum
1064 1279 1118 1337 ille
1141 1278 1256 1340 Schon-

149 1377 229 1438 lrovii
244 1379 321 1439 inter
335 1377 488 1458 Sylburgii
508 1378 673 1460 Scriptores
695 1379 842 1440 Historiae
864 1379 956 1439 Rom.
978 1376 1103 1436 Latinos
1123 1376 1260 1435 Minores

148 1474 185 1533 T.
204 1494 227 1536 1.
263 1475 519 1537 Conf.an.1590.

189 1577 270 1632 1590
293 1570 501 1644 Basileae,12.
525 1572 659 1633 Messala
673 1574 834 1645 Corvinus,
851 1572 938 1633 Sext.
957 1570 1070 1640 Rufus,
1083 1567 1259 1649 Eutropius,

150 1666 237 1727 Sext.
252 1665 329 1727 Aur.
344 1667 464 1740 Victor,
487 1669 517 1727 in
541 1669 670 1750 Dionys.
688 1669 867 1730 Gotholredi
889 1669 1034 1748 Antiquae
1058 1666 1202 1726 Historiae
1219 1684 1260 1724 ex

152 1781 270 1825 xxvii.
285 1766 456 1824 auctoribus
470 1775 619 1826 contextae
633 1767 775 1827 librisrv.
812 1767 919 1828 2voll.
1259 1760 1262 1765 ’

194 1868 275 1921 1591
299 1861 448 1940 Lugduni,
464 1869 515 1923 12.
539 1863 655 1923 Eodem
668 1864 808 1924 collectio
822 1863 863 1923 D.
879 1861 1071 1921 Gothofredi.

190 1989 232 2002 ·-
254 1957 349 2017 Bardi
372 1957 493 2018 Pomer.
515 1958 565 2036 (S.
592 1960 664 2020 Aur.
689 1960 811 2037 Victor)
832 1960 869 2018 de
895 1959 978 2019 Viris
998 1957 1171 2017 Illustribus
1192 1971 1260 2014 curn

154 2051 279 2132 AEmylii
294 2052 390 2111 Probi
405 2056 460 2115 vit.
472 2075 538 2114 exc.
555 2055 655 2137 Impp.
669 2077 708 2117 ex
721 2057 769 2116 ed.
785 2056 881 2116 Neth.
897 2054 1042 2135 Chytraei.

193 2182 234 2194 —
256 2149 376 2228 Lipsiae,
392 2149 444 2211 iol.
467 2152 500 2212 S.
517 2152 596 2212 Aur.
613 2152 722 2214 Victor
735 2154 773 2214 de
788 2154 873 2232 Orig.
890 2153 998 2212 Gentis
1013 2150 1106 2210 Ront.
1218 2156 1224 2195 -’

194 2252 275 2306 1592
297 2245 447 2325 Lugduni,
461 2257 490 2309 8.
514 2248 652 2310 Historia
666 2251 806 2331 Auguste
819 2250 942 2333 prodiit,
962 2249 1090 2308 minores
1112 2243 1262 2327 complec-

152 2351 230 2412 tens,
249 2342 326 2401 inter
348 2363 423 2423 quos
445 2342 477 2404 S.
505 2345 583 2406 Aur.
608 2346 728 2420 Victor,
752 2369 802 2429 ep.
818 2348 927 2407 Frenc.
945 2346 975 2406 le
989 2346 1107 2416 Preux,
1121 2342 1168 2404 vel
1191 2341 1268 2407 599.-

155 2437 244 2501 Stoer.
1219 2437 1269 2488 .='r

197 2542 276 2596 1596
296 2535 539 2620 (Heidelbergae)
564 2542 645 2623 opud
668 2542 758 2604 Hier.
781 2542 1012 2612 Oommelinum,
1033 2534 1090 2598 ‘32
1121 2537 1156 2599 S.
1180 2535 1270 2598 Aur.

155 2633 272 2693 Victor.
285 2636 359 2713 (quo
373 2656 450 2696 enno
464 2641 553 2699 etionr
568 2639 707 2701 Velleius
716 2663 769 2722 per
782 2642 906 2701 eundem
920 2640 1018 2699 editus
1026 2640 1096 2713 est)
1233 2651 1236 2655 ’

196 2737 277 2789 1604
298 2732 505 2811 Argentoreti,
519 2744 550 2797 8.
574 2737 708 2798 Messala
729 2739 889 2809 Corvinus,
910 2737 995 2797 Sext.
1018 2732 1130 2801 Rufus,
1152 2729 1272 2790 Eueno-r

156 2827 232 2905 pius,
247 2827 280 2886 S.
292 2828 371 2891 Aur.
387 2831 495 2893 Victor
514 2835 543 2893 in
567 2834 659 2896 Dion.
675 2835 853 2897 Gotholredi
873 2835 996 2914 entique
1017 2829 1140 2890 historio
1158 2847 1199 2888 ex
1211 2826 1271 2889 ed.

159 2927 249 2980 1590.
264 2943 377 2983 recuso.

199 3021 277 3075 1605
299 3018 407 3082 Colon.
421 3029 452 3083 8.
474 3025 573 3087 Plinii
590 3029 659 3091 Sec.
675 3030 798 3106 (rectius
813 3029 846 3090 S.
869 3027 949 3087 Aur.
965 3025 1112 3101 Victoris)
1125 3021 1163 3081 de
1178 3019 1265 3080 Viris

159 3111 331 3174 Illustribus
345 3116 430 3177 liber.

199 3214 278 3271 1607
301 3209 558 3288 (Lugd.Bat.)cx
572 3220 874 3302 officRnphelengii.
916 3217 1048 3276 Junctim
1069 3232 1137 3272 curn
1161 3209 1264 3279 Floro,

159 3302 301 3362 Aurelius
319 3305 439 3377 Victor,
455 3310 536 3370 Festi
555 3313 630 3375 Rufi
648 3316 847 3386 Brevioriurn‚
869 3313 1003 3373 Messole
1017 3309 1175 3376 Corvinus,
1190 3303 1266 3364 Oss-

158 3399 303 3471 siodorus,
319 3413 349 3460 et
364 3401 538 3484 Eutropius.
1248 3397 1251 3403 Ι

201 3504 282 3557 1609
304 3498 504 3573 Ἑ1919919111,
524 3502 576 3564 191.
596 3505 683 3568 Sext.
701 3507 781 3568 Aur.
807 3506 915 3566 Victor
942 3504 980 3564 de
1008 3501 1130 3581 Origine
1158 3496 1274 3555 Gentis.

161 3592 254 3655 Rom.
270 3603 300 3653 91
314 3595 351 3653 de
367 3594 450 3656 Viris
464 3598 648 3674 Illustribus,
662 3605 737 3664 inter
751 3605 852 3684 Opera
866 3601 999 3662 Cornelii
1020 3597 1151 3678 Nepotis
1171 3591 1268 3672 expli·

159 3699 228 3748 cota
242 3689 340 3750 studio
360 3690 457 3753 Andr.
473 3694 601 3759 Schotti.
656 3700 794 3761 Francos.
814 3699 896 3780 opud
915 3699 968 3758 Ol.
992 3696 1143 3755 Mornium
1157 3700 1188 3750 et
1207 3691 1269 3749 hae-

161 3785 223 3844 red.
237 3784 288 3848 Jo.
301 3785 422 3849 Aubrii.

201 3915 242 3926 -
263 3881 370 3944 Aurel.
386 3885 507 3948 Allobr.
521 3889 669 3971 (Gener.)
685 3892 738 3953 fol.
751 3895 780 3952 in
795 3893 981 3973 Scriptorum
998 3889 1082 3949 Hist.
1094 3887 1189 3946 Rern.
1204 3883 1272 3943 Lat

162 3977 284 4037 Veteris
298 3978 358 4042 vol.
377 3997 401 4042 1.
420 3996 526 4046 extent
539 3999 606 4068 post
624 3989 742 4052 Livium
764 3987 1040 4050 Pseudo-Messala
1064 3983 1210 4043 Corvinus
1235 3977 1275 4038 do

163 4073 313 4152 Progenie
327 4077 487 4156 Auge-S.
503 4086 581 4148 Aur.
597 4087 703 4149 Victor
713 4089 751 4147 de
765 4088 855 4148 Rom.
868 4086 977 4145 Gentis
991 4083 1126 4160 Origine,
1140 4079 1177 4137 de
1190 4076 1274 4138 Viris

139 4222 143 4234 .
164 4168 279 4231 illustr·
292 4171 330 4231 de
346 4171 446 4256 Impp.
458 4189 489 4240 91
499 4181 536 4243 dc
550 4182 728 4259 Caesaribus,
745 4186 832 4246 Sexti
846 4181 921 4243 Rufi
934 4203 957 4243 s.
981 4179 1063 4239 Festi
1075 4169 1274 4241 Breviorium.
