3046 5032
370 360 510 410 sunus..
525 360 622 408 vien.
646 359 849 422 aninouuu,
872 360 953 409 cnr.
978 361 1014 407 v.
1170 344 1235 410 789

181 504 268 569 Dices]
284 505 340 557 Jac.
351 503 451 569 Cujecii
465 512 493 555 et
505 505 601 554 Pithoel
614 503 673 554 cod.
709 511 776 554 crat.
808 503 978 554 Ahenobarbus
1005 502 1103 553 rectius
1121 504 1237 557 scribunt

148 581 272 640 dicemini,
283 599 339 630 cum
351 590 435 645 qssoet
445 582 587 631 Veronens.
598 580 673 643 tacu,
709 581 873 644 aspirationis
882 590 944 630 nota
952 580 1010 630 libri
1019 581 1116 629 cslsmo
1128 582 1237 647 exarati,

148 659 248 708 diuites:
271 659 366 721 proba:
386 657 453 708 infre
464 660 541 719 euim,
552 660 622 709 dicto
633 659 673 709 fs·
709 657 777 705 numi
791 664 899 714 veltet,
908 663 938 706 ut
947 656 1069 707 Plautino
1080 658 1234 717 rerboutar,

148 750 219 786 moso
230 751 345 797 sparsum
358 736 390 784 de
402 736 500 785 dnobus
511 737 625 786 libertis:
645 743 673 786 ct
708 733 807 796 lapides
825 733 934 790 literati,
945 740 972 781 et
985 746 1122 788 marmora,
1137 748 1193 797 que
1208 734 1235 783 in

147 813 237 860 hornus
249 815 257 840 ‘
267 812 365 861 divitiae
379 811 514 875 'adagioui
531 812 613 862 locum
632 810 671 862 fe·
708 809 838 873 Capitulio
852 809 941 858 Rornae
950 809 1017 859 bono
1029 809 1132 872 publico
1143 807 1237 859 effossa

148 896 251 937 cerunt.
283 888 324 938 Ad
344 889 398 938 haec
412 890 585 954 Tranquillus,
604 888 672 938 nudo
707 884 788 935 fastos
821 886 968 935 consuleres
1003 884 1142 935 exhibente
1175 885 1236 936 vide

146 965 380 1029 fcresmnptabaec
391 982 448 1031 qum
459 969 551 1017 deun.
563 968 670 1017 creueri-
687 968 690 977 ’
707 962 874 1012 Plutarchum
895 962 921 1012 in
943 962 997 1012 rito
1018 962 1104 1011 Paulli
1131 961 1235 1013 AEmllii.

146 1040 670 1107 husteteruutuuhorntiupremiisiu·
709 1037 803 1087 Scholl·
1166 1032 1169 1039 Δ

147 1119 268 1180 pentibus
290 1121 514 1184 ornamentisque3
538 1120 574 1171 its
595 1130 622 1169 et
644 1121 670 1169 lu
740 1113 952 1178 Aruortretleeios]
973 1114 1050 1164 vm.
1064 1113 1174 1166 Leimb.
1194 1132 1235 1167 ass.

145 1194 254 1245 fortunis
267 1211 316 1259 quo
319 1199 388 1260 jure,
396 1197 670 1261 quiequeiujnrisqoe-
708 1190 806 1241 ΧΙΙΗ.
820 1192 899 1255 prima
914 1205 1004 1240 manus
1016 1192 1042 1239 in
1061 1189 1150 1240 Guels·
1165 1193 1233 1241 ‘Bis

145 1273 211 1329 sitin,
219 1274 360 1338 conjungit,
372 1281 416 1323 ‘nt
425 1274 567 1336 qrrerente‚'
578 1274 671 1338 inquit,
707 1273 797 1328 quater
811 1266 891 1316 dello!
908 1266 1008 1316 Chelltffi
1020 1273 1048 1314 et
1066 1267 1176 1316 Neroni·
1188 1282 1234 1317 an·

145 1350 153 1376 ⁶
166 1364 198 1398 eo
210 1351 337 1413 quondam
348 1349 381 1398 de
392 1349 445 1400 fisci
458 1351 607 1409 exiguitate,
619 1363 670 1399 uon
706 1345 768 1394 nos'
786 1357 912 1396 memorat
930 1346 1036 1396 Tacitus
1056 1346 1097 1394 rel
1120 1347 1234 1412 quisquis

144 1425 255 1475 absurde
274 1427 308 1474 sit
324 1426 430 1487 dietum,
447 1427 632 1475 abundaturum
649 1427 670 1476 el
706 1421 1101 1485 datuurusitauctorDialogidc
1114 1422 1233 1473 Oratori-

146 1501 270 1550 atluobus
286 1502 386 1551 libertis
399 1503 423 1550 iu
436 1503 588 1553 consortium
605 1503 670 1552 rcci-
706 1497 753 1548 bus
764 1514 788 1548 c.
802 1504 840 1549 17.
868 1501 932 1550 Mos
943 1499 997 1549 iude
1009 1513 1056 1563 pro
1066 1500 1128 1550 snm
1139 1502 1234 1565 prisc·

145 1575 269 1637 peretur.'
303 1577 386 1625 Porro
399 1577 431 1626 de
447 1577 510 1626 fisco
528 1577 574 1627 inl'.
589 1592 613 1627 c.
629 1582 670 1629 42.
706 1575 766 1626 edd.
779 1576 866 1625 Ariste.

147 1666 216 1702 num.
230 1658 269 1703 19.
287 1653 380 1702 Sebott.
739 1654 780 1715 §2
796 1651 819 1701 Δ
833 1652 948 1717 Neronis]
967 1654 1179 1717 Prapositiouem
1190 1653 1233 1703 stl-

176 1730 190 1792 §
204 1733 234 1777 1⁰
253 1729 457 1793 Quingeuteriruo]
470 1731 669 1795 Quinquagesim
705 1729 814 1776 mittunt
825 1743 911 1778 omues
926 1730 1000 1791 editi,
1012 1739 1039 1780 et
1051 1745 1108 1779 curn
1126 1730 1155 1779 iis
1174 1729 1234 1791 Lip-

145 1815 245 1855 taurum
256 1816 296 1855 est
306 1808 331 1854 tu
343 1808 459 1868 Victore,
471 1808 514 1857 ubi
527 1809 559 1857 du
572 1810 669 1871 ptroeni-
705 1803 757 1852 sins
770 1804 853 1852 Elect.
863 1811 928 1854 rub.
940 1820 997 1868 quae
1006 1815 1047 1855 est
1055 1806 1233 1868 vulgatissima

143 1896 175 1931 ce
186 1882 302 1943 quedam
316 1891 406 1931 notare
419 1885 530 1932 memini.
549 1885 642 1935 Scitote.
706 1880 829 1945 loquendi
841 1883 921 1932 ratio:
941 1883 986 1930 sed
999 1897 1056 1931 curn
1068 1883 1144 1932 aliter
1154 1885 1233 1932 senti·

176 1960 219 2007 Er
230 1959 317 2007 Arabis
328 1966 465 2009 memoratos
477 1961 548 2024 toros]
567 1962 602 2010 lle
614 1977 669 2026 que
705 1964 764 2004 rent
781 1971 868 2005 omnes
886 1956 953 2019 apud
967 1971 1006 2006 me
1017 1958 1082 2006 Mss.
1099 1959 1129 2006 its
1141 1971 1233 2021 repug-

143 2033 669 2099 [stoessr.e.t.§ll.]brevitormouui-
705 2046 769 2080 nare
792 2047 842 2082 non
866 2034 947 2097 potui.
981 2033 1059 2084 oud.
1082 2035 1150 2085 Met·
1170 2047 1233 2084 vrrs.

143 2125 209 2165 mas,
221 2112 287 2160 adde
301 2112 432 2175 Nepotem
449 2113 568 2174 Agesilao
580 2129 603 2165 c.
614 2117 639 2164 t.
656 2117 668 2179 b
704 2113 762 2159 4118.
778 2111 899 2161 ‘Discite
918 2119 1036 2174 raptores
1054 2113 1142 2173 alieni,
1159 2112 1232 2176 dicit,

144 2188 260 2236 l.‘cuns
268 2189 322 2251 jam
336 2192 419 2237 animo
431 2190 598 2238 meditaretur
610 2204 668 2253 pro·
703 2186 817 2247 honoris,
843 2189 922 2237 Facta
941 2189 1015 2237 minis
1037 2197 1161 2254 quantum
1190 2187 1231 2236 di·

143 2264 225 2313 ficisci
244 2267 268 2313 ln
287 2265 401 2314 Persas!
431 2268 547 2315 Eumene
565 2283 623 2331 cap.
644 2272 668 2317 8.
703 2262 792 2313 stent!
808 2264 866 2314 Qus
878 2265 1072 2315 constructione
1083 2267 1143 2314 huic
1153 2268 1231 2314 verbo

142 2342 190 2403 §⁴-
201 2341 277 2392 ‘Qus
288 2356 320 2391 er
329 2343 415 2391 Medis
424 2344 456 2391 ad
465 2344 668 2394 adversariorum
704 2340 819 2389 ‹lstiruru
831 2340 890 2389 aslsli
905 2346 976 2389 recte
988 2341 1076 2392 docuit
1092 2342 1233 2391 Burmann.

142 2416 308 2466 hibernacula
326 2429 413 2481 posset
433 2421 561 2482 perveniri
571 2421 587 2469 ε’
605 2437 667 2486 qno·
705 2417 737 2464 sd
749 2417 873 2468 Quinctil·
885 2416 950 2466 lust·
965 2431 991 2466 v·
1001 2423 1041 2466 1⁰·
1054 2433 1080 2482 p·
1093 2422 1150 2468 897.
1172 2419 1231 2470 Hoc

142 2491 218 2543 modo
232 2495 369 2558 aliquoties
385 2503 424 2544 est
441 2498 541 2546 locutus
558 2499 667 2548 tersisti·
704 2499 789 2542 ἰδυῖα]
813 2494 869 2543 ¹⁰⁶0
888 2493 1044 2556 reluctatio
1066 2495 1151 2544 malim
1174 2510 1231 2545 etse

142 2584 199 2619 mus
221 2572 342 2633 scriptor.
375 2573 450 2622 Aside
472 2575 614 2625 Bru-maun.
633 2575 667 2626 ad
704 2570 855 2632 abletirum,
879 2571 1007 2635 quomodo
1029 2571 1096 2622 idem
1120 2573 1231 2624 Ovidius

142 2646 325 2713 Vell·11.tb.§
338 2654 360 2698 1.
378 2650 464 2698 Auses.
704 2646 775 2694 Fast.
794 2660 831 2695 tu.
849 2650 906 2696 862.
922 2647 1005 2696 ‘Com
1023 2655 1097 2699 tanto
1120 2650 1231 2714 Phrygis

174 2723 257 2772 lessio
268 2726 374 2789 emersit]
394 2726 489 2776 ‘Anno
501 2727 601 2789 imperii
613 2729 666 2792 eJus
702 2723 805 2772 Gallice
816 2722 898 2773 distet
909 2723 999 2773 humus
1009 2722 1028 2771 τ’
1044 2725 1087 2774 uhi
1099 2726 1141 2775 alii
1151 2727 1230 2777 etiam

143 2801 231 2859 qsriuto
253 2803 321 2850 inter
343 2802 455 2853 Therasn
475 2812 501 2852 et
519 2805 666 2855 Therasiam
702 2815 718 2848 α
738 2800 858 2864 Phrygis·
891 2800 959 2851 Vide
976 2801 1127 2852 Hcimlum:
1148 2813 1230 2853 etex

141 2873 223 2922 lurula
239 2875 271 2924 de
286 2877 413 2939 profundo
431 2880 537 2929 emicuit
559 2883 667 2946 triginta
704 2877 780 2927 Pom.
793 2878 875 2940 Epist.
887 2890 930 2926 sn.
947 2881 973 2926 2.
988 2882 1029 2927 to.
1046 2879 1117 2929 ‘Qui
1136 2879 1231 2931 Getica

142 2949 283 3000 stadiorum
298 2955 382 3015 spatio
399 2956 525 3005 extensa!
559 2960 665 3008 orosius
704 2953 842 3017 longousu
861 2955 898 3002 its
915 2953 1101 3003 distathunso.'
1133 2956 1229 3004 Verum

142 3030 227 3074 vti-b.
247 3027 287 3075 De
299 3028 409 3077 Vulcani
431 3032 519 3094 insula,
530 3048 587 3098 qum
599 3049 666 3084 suno
704 3029 753 3078 illis
771 3031 832 3079 locis
851 3030 906 3079 haec
923 3028 1001 3078 rcrbs
1022 3040 1130 3092 possent
1148 3029 1230 3081 rideri

141 3102 245 3151 circiter
264 3117 379 3153 saurus.
400 3107 434 3155 U.
450 3107 480 3156 C·
495 3112 626 3174 apparuit,
647 3111 667 3159 i·
705 3106 829 3167 cohorrui,
843 3114 963 3167 tanquam
983 3105 1004 3153 si
1024 3109 1127 3154 nomina
1144 3116 1230 3157 esseut

144 3177 203 3226 ‹lem
216 3191 255 3226 rr.
266 3184 307 3226 2⁰.
324 3181 417 3229 Scitote.
706 3182 815 3236 urbium.
828 3195 885 3244 quse
898 3190 983 3228 temen
1001 3182 1066 3229 ratio
1076 3195 1125 3229 non
1138 3196 1229 3244 proce·

173 3255 187 3316 b
208 3256 236 3302 11
259 3254 319 3317 Hie]
342 3257 510 3318 Conjeccram
531 3261 667 3322 legendum
704 3257 743 3305 dit
755 3256 821 3319 apud
833 3256 954 3307 Juvenal.
965 3258 1019 3304 Sat.
1029 3261 1136 3306 xtv.98.
1148 3258 1156 3284 ‘
1169 3259 1228 3308 Nec

143 3330 219 3378 Hirro.
258 3331 342 3382 Quem
365 3332 499 3381 lectionem
522 3345 613 3397 postea
634 3337 667 3386 ab
705 3332 1229 3396 distareputsuthamanscornetulum!

142 3407 294 3471 Angusteno
313 3407 370 3455 cod.
388 3408 563 3458 confirmatam
586 3411 668 3461 liheu·
703 3410 790 3460 Amtz.

141 3490 182 3533 ter
193 3484 293 3546 accepi.
325 3483 601 3548 Dehgrippiua‚qum
613 3487 667 3538 Ne·
735 3489 776 3551 §t
794 3485 938 3547 Polemonis]
951 3486 1047 3535 Eodem
1057 3487 1228 3553 Sueton.cap.

141 3573 227 3609 roaem
261 3557 384 3622 flagitium
412 3561 521 3609 hominis
549 3565 668 3628 protulit,
704 3568 744 3613 18.
767 3564 989 3625 Eutrop.v11.lh.
1013 3563 1227 3617 Eusebiuschro·

140 3636 452 3694 multsTacit.Dio,slii.
485 3636 667 3700 Dcejnsrero
703 3641 775 3697 nicio,
794 3649 821 3689 et
835 3640 961 3700 Vopiscus
979 3641 1128 3690 Aureliano.
1156 3643 1228 3693 Mete

140 3724 222 3764 morte
240 3716 347 3764 sueton.
365 3715 463 3764 Neron.
481 3720 590 3778 caphe.
624 3717 666 3768 De
703 3718 745 3780 otti
765 3733 821 3765 cnm
838 3716 995 3779 diphthongo
1017 3718 1203 3778 impresserunt
1219 3735 1227 3783 ς

141 3792 290 3855 Tanaquilis
301 3793 426 3840 industria
439 3792 525 3841 Livius
544 3795 636 3842 Annei.
649 3794 666 3842 Ι.
703 3793 802 3842 Graecis
815 3792 883 3841 euim
895 3793 1015 3842 scribitur
1027 3792 1148 3858 noluisses,
1163 3798 1228 3848 siros.

142 3882 162 3917 ι.
180 3877 207 3918 et
223 3870 316 3916 Victor
333 3876 421 3916 noster
438 3868 471 3916 tle
487 3869 557 3918 Viris
569 3869 666 3919 illustr.
704 3872 773 3920 Male
795 3884 897 3935 quoque
916 3872 1017 3921 Gothiae
1036 3873 1110 3936 Alpes
1125 3876 1227 3938 quidam

139 3949 196 3996 cl.
214 3944 306 3994 Schoti.
703 3949 847 3997 ediderunt.
864 3950 1029 4011 DupliciTau
1039 3950 1156 4014 plerique
1164 3954 1228 4003 scri·

172 4022 240 4071 Cen.
256 4035 283 4070 v.
300 4022 314 4084 b
332 4025 345 4069 l
365 4021 438 4069 Putre
460 4020 578 4087 Domitio]
598 4023 666 4073 Grai
704 4025 777 4074 bunt.
792 4025 1073 4075 ‘Cottius'sutemres
1084 4024 1228 4094 dicebatur,

139 4100 304 4160 praenomine,
321 4097 429 4147 Sueton.
448 4098 544 4148 Neron.
562 4115 619 4162 cap.
641 4107 665 4150 1.
703 4099 771 4166 quod
790 4101 814 4149 iu
837 4100 946 4163 Alpibus
965 4108 972 4130 ⁸
990 4102 1098 4152 Cottiis'
1120 4119 1226 4168 regnum

138 4176 166 4224 in
177 4175 262 4225 Galhs
273 4189 333 4223 vero
346 4177 411 4224 male
429 4177 436 4202 ‘
450 4176 544 4225 Lucius
558 4176 664 4242 'appel
702 4179 857 4240 obtinuerat,
869 4187 897 4228 ct
910 4179 962 4228 rias
971 4181 1008 4231 ita
1018 4179 1102 4231 dictes
1113 4186 1226 4236 munire·

140 4251 209 4302 latur
228 4265 255 4301 c.
270 4254 295 4301 6.
328 4251 401 4302 Aras
412 4254 479 4303 euim
490 4253 520 4304 1..
532 4254 662 4307 Domitius
702 4264 752 4307 rot.
770 4256 810 4307 De
820 4256 858 4307 his
869 4254 1105 4322 oopiossnmntso.
1117 4261 1227 4315 hlsrcel·
