3074 5040
316 366 458 418 sunno.
475 365 575 415 uror.
593 363 705 413 vinos
727 363 901 415 innuere.
926 367 1006 416 ιιι.
1031 367 1064 417 ι..
1170 349 1237 417 628

143 509 213 558 euim
229 523 245 557 a
259 508 453 573 strepltorulgi
469 510 557 558 virere
573 509 673 558 maluit.
744 508 871 572 tritum]
898 511 941 558 De
959 511 1052 574 qulbus
1072 511 1236 575 superioria

143 587 186 636 Sic
194 587 351 636 Plutarchus
363 597 391 636 et
404 587 506 636 Strabo·
534 586 620 635 Livius
631 599 673 634 re·
710 585 827 633 Romulo.
845 585 927 634 Muci.

143 677 171 712 ra
182 664 228 712 lib·
239 677 364 714 xxxvrrr.
376 665 466 713 Rome
484 671 611 713 mortuum
628 665 675 714 alt.
726 665 761 725 §2
770 663 1236 728 lrjrucitJSirrcernlcctiotiss-juran-

143 739 180 791 Δί
191 741 237 789 lib.
250 754 313 791 ιιι.
339 742 438 790 Literni
451 741 554 790 domum
566 742 622 804 ejus
633 738 673 791 t'u·
709 736 747 786 it:
757 740 766 767 ‘
777 739 911 803 injungere
922 738 930 760 '
942 745 1010 787 euim
1023 740 1091 787 aliud
1101 742 1237 802 significat·

142 819 202 866 isse.
221 818 314 868 Seiott.
347 819 416 867 Mira
429 817 576 868 variaturiu
590 827 673 868 morte
709 816 872 880 Exemplum,
889 831 930 866 me
948 818 1054 875 Hercle,
1064 818 1238 881 momentus,

141 895 279 957 Scipionis.
321 895 390 945 Vide
410 897 467 945 hir.
491 909 615 946 xxxrrrr.
632 899 674 945 tt.
709 894 776 956 quod
788 893 885 942 uriusm
899 895 1062 943 imitarentur
1078 895 1238 959 nostriprin·

142 973 189 1021 lib.
210 984 317 1022 xxxix.
334 989 411 1037 capp.
427 979 468 1024 5²
486 979 527 1024 tr.
545 983 571 1023 et
588 977 629 1022 tu.
644 980 672 1023 et
708 969 781 1033 cipes
793 970 817 1018 iu
831 971 862 1018 lt.
875 971 906 1019 P.
920 970 1133 1031 administranda,
1145 979 1173 1020 ut
1185 972 1237 1036 pri·

145 1062 210 1098 m.
219 1053 262 1099 us.
277 1049 352 1099 Oros.
364 1063 404 1099 w.
415 1055 438 1100 ι,
455 1051 542 1101 Amet,
709 1055 770 1096 rate
781 1047 840 1095 odia
856 1048 966 1110 publicis
979 1046 1134 1096 utilitatibus
1151 1049 1239 1100 remit·

175 1128 235 1189 §18
254 1124 371 1189 Moriens]
389 1127 507 1189 Bingium
523 1126 671 1176 tentamenti
708 1130 774 1186 tent,
796 1123 833 1174 uti
855 1125 900 1172 liu.
918 1138 935 1172 ι.
957 1123 1051 1173 ΑηηιΙ.
1068 1123 1172 1173 Tacitus
1191 1127 1239 1176 ait.

143 1200 194 1252 t'oit
206 1204 408 1266 retinemento
421 1205 531 1265 petriam
543 1204 670 1265 ingratam
708 1200 775 1250 Vide
789 1202 957 1251 Plutarchum
974 1202 999 1249 ln
1014 1200 1132 1251 Politlcis
1147 1203 1181 1253 de
1198 1202 1237 1256 hit

142 1293 201 1327 orsa
217 1277 385 1341 referrentur,
402 1280 435 1329 de
452 1295 503 1344 quo
520 1280 619 1329 Seneca
637 1279 671 1328 ‹le
708 1280 914 1342 precipientem.
940 1279 1028 1328 Simile
1039 1279 1237 1344 deP.Popilllo

142 1355 236 1407 Benef.
259 1371 288 1407 ι.
311 1359 349 1409 lt.
370 1365 398 1407 et
420 1356 480 1408 Val.
503 1358 574 1407 Max.
597 1370 624 1406 r.
646 1360 670 1406 a.
707 1357 776 1420 apud
787 1356 884 1408 Jusrio.
895 1355 938 1406 lib.
954 1369 1042 1405 xxxv.
1055 1368 1129 1419 qoem
1142 1356 1173 1406 C.
1186 1357 1238 1408 Po·

143 1433 237 1483 Sciott.
707 1435 805 1497 pillium
827 1442 902 1483 vocet
926 1434 1021 1484 Liuius.
1049 1433 1169 1483 Scitottrrs.
1202 1434 1238 1484 Er

175 1510 241 1560 Csr.
254 1521 277 1559 1.
296 1511 309 1574 t
322 1513 334 1558 1
354 1510 488 1576 Salinator]
506 1510 598 1560 Dictus
609 1509 671 1573 qula
707 1509 789 1559 Gron.
800 1509 998 1559 ed'l'ecit.Anu.
1008 1525 1026 1559 ι.
1036 1513 1075 1559 10.
1092 1511 1238 1560 Perrum-

141 1587 213 1635 auxit
224 1587 333 1649 vectigal
353 1589 425 1652 selis,
445 1603 503 1638 cum
524 1588 596 1651 prius
612 1600 670 1635 aex·
701 1586 787 1646 junxit
797 1587 870 1636 Leid.
880 1591 904 1635 1.
914 1587 1017 1652 Reliqui
1028 1588 1238 1651 quiuquejsrrxit,

141 1671 213 1714 toute
231 1665 399 1716 venderetur.
434 1665 466 1716 to
484 1664 561 1720 fecit,
577 1664 637 1728 quia
656 1679 672 1712 a
707 1671 737 1713 ut
754 1671 783 1713 et
798 1662 908 1726 Agripp.
924 1660 990 1712 Veri.
1007 1670 1034 1711 et
1056 1664 1142 1712 iliaco.
1160 1678 1237 1728 quam

141 1741 236 1804 populo
257 1742 444 1793 condemnatus
467 1750 533 1791 erat.
557 1740 671 1790 Marion.
707 1738 845 1788 lectionem
865 1739 957 1788 merito
972 1741 1089 1802 pretulit
1105 1740 1237 1791 Selrottua.

141 1820 291 1869 Salinatori
300 1817 670 1882 cognomeuiliidatumquosi
709 1814 797 1863 Livius
820 1827 907 1864 xxrrr.
928 1819 969 1864 at.
991 1814 1104 1863 ‘Foedus
1126 1830 1183 1864 curu
1204 1829 1237 1866 eo

141 1909 232 1944 censor
242 1897 354 1957 uectigal
366 1910 459 1944 norum
472 1909 504 1944 ex
517 1907 619 1944 annone
629 1909 671 1944 sa·
708 1897 787 1954 atque
805 1890 944 1939 amicitiem
961 1891 1049 1953 junxit
1066 1890 1164 1952 legibus
1179 1890 1237 1942 his-⁹

140 1971 205 2020 laria
217 1972 313 2034 populo
326 1973 440 2021 Romnuo
450 1972 611 2035 imposuerit.
629 1971 671 2020 Li·
706 1967 802 2018 Justiu.
821 1981 860 2016 rx.
876 1972 901 2017 l.
918 1970 968 2031 §m
985 1968 1053 2017 ‘Qui
1071 1982 1161 2030 parem
1178 1981 1238 2020 cum

143 2049 199 2094 utos
212 2052 339 2098 nimii.
365 2049 466 2098 Sallues
477 2048 585 2112 primum
598 2048 671 2098 losti-
706 2045 745 2093 his
757 2045 946 2108 amicitiamque
954 2044 1119 2109 jungerent?
1130 2052 1157 2094 st
1170 2057 1238 2096 mr.

142 2124 232 2182 tuisse,
254 2133 280 2172 et
311 2126 406 2187 populo
435 2126 495 2173 salis
516 2125 603 2173 nundin
623 2137 670 2173 sex
706 2127 731 2172 l.
748 2124 799 2185 §ti
822 2122 875 2170 ‘Et
894 2132 1002 2185 propter
1018 2123 1156 2170 amicitiam
1177 2136 1236 2171 enm

142 2198 221 2246 millia
241 2199 267 2246 in
290 2200 419 2263 congiario
439 2200 540 2249 dedisse
569 2199 669 2250 Ancum
709 2196 1238 2262 PompelobelloMitlrridaticojunotem!

141 2273 278 2330 Martium,
292 2284 382 2324 ructor
391 2276 492 2325 Plinius
510 2290 591 2326 χιιι.
601 2281 626 2326 t.
644 2284 671 2325 et
708 2276 780 2336 Epir.
798 2275 864 2323 Livii
880 2275 924 2324 lib.
937 2287 1038 2323 xxrur.
1054 2280 1082 2322 et
1097 2274 1153 2335 ipae
1164 2287 1237 2326 xxx.

142 2362 221 2411 supra
248 2365 306 2411 cnp.
327 2357 351 2400 fi.
396 2354 460 2402 Post
482 2356 582 2404 exectis
604 2355 672 2418 regi·
709 2357 748 2402 1³.
771 2351 884 2401 Gronov.
902 2352 934 2400 ad
956 2350 1064 2401 enodem
1085 2363 1175 2401 xxxv.
1195 2355 1236 2404 11.

140 2427 198 2491 lura,
210 2430 323 2491 vectigal
335 2430 398 2478 illnd
410 2431 548 2480 sublatum.
583 2432 671 2481 Livius
708 2430 796 2479 Arutz.

141 2503 176 2553 ab
198 2504 230 2553 U.
248 2503 279 2553 (2.
299 2505 343 2553 lib.
364 2518 396 2554 ιι.
428 2506 479 2555 Sed
497 2506 628 2556 Salinator
644 2507 671 2556 lo
741 2508 774 2555 Et
783 2505 882 2556 deoiuo
893 2502 1054 2567 Hoadrrlole]
1069 2505 1138 2554 Victo
1147 2504 1237 2556 addidi

140 2595 253 2630 censore
277 2582 371 2631 lterum
400 2584 532 2647 imposuit,
558 2592 587 2634 ut
608 2584 671 2633 dial.
708 2586 862 2633 auctoritate
884 2583 1003 2632 librorum
1027 2591 1166 2631 reterumr
1192 2582 1237 2632 alii

141 2655 233 2705 Sclott.
706 2665 729 2709 et
747 2662 809 2709 nicto
827 2660 986 2710 Hasdrubale.
1002 2660 1103 2709 Seirott.
1137 2660 1172 2709 Et
1185 2673 1236 2723 ego

173 2732 278 2797 Illyriis]
291 2735 364 2783 Dioti
375 2743 445 2796 aunt,
457 2745 561 2786 auctore
571 2736 670 2801 Appia·
707 2739 864 2786 auctoritate
876 2737 942 2786 Mas.
955 2738 1066 2786 omnium
1075 2745 1102 2785 et
1114 2736 1175 2786 edd.
1187 2737 1242 2786 tre·

143 2823 187 2868 uo,
205 2811 237 2858 alr
256 2810 344 2873 Illyrio
360 2811 413 2860 tillo
429 2812 589 2877 Polyphemi,
605 2828 670 2878 quoa
707 2828 762 2862 rum
786 2816 876 2879 rejeci,
896 2812 945 2865 nec
968 2814 1095 2863 sententie
1119 2815 1236 2879 requirit,

141 2900 210 2935 nuuc
229 2886 369 2936 Sclarooos
393 2900 496 2939 vocant.
514 2890 596 2939 Moci.
634 2891 670 2940 Il·
707 2905 764 2940 cum
782 2895 871 2957 utique
892 2891 968 2941 facile
988 2893 1158 2953 intelligutur,
1176 2904 1235 2939 eum

140 2961 230 3025 lyricis,
252 2976 301 3011 uon
325 2963 419 3027 illyriis
447 2964 561 3028 quidam,
588 2974 617 3014 ut
643 2967 668 3014 io
707 2980 757 3015 nou
774 2969 945 3031 triumphasse
957 2970 988 3018 de
1006 2969 1104 3017 victore
1116 2966 1235 3015 Hasdru·

140 3038 206 3087 Mas.
218 3038 273 3088 sere
286 3040 404 3103 Philippii
420 3042 496 3105 compi
513 3057 559 3106 pro
574 3043 668 3107 Pitup·
706 3043 772 3093 bale.
790 3045 875 3093 Arria.

136 3113 206 3174 picis.
218 3125 247 3163 ot
264 3114 329 3164 intra
347 3118 373 3164 in
384 3116 423 3165 Μ.
435 3117 519 3166 Bruto
538 3119 668 3169 admonui.
740 3118 917 3182 iiiumplooit]
944 3118 1012 3167 Vide
1026 3117 1051 3165 lu
1067 3116 1154 3180 capite
1166 3116 1236 3167 nso

139 3188 234 3239 Saluti.
706 3194 831 3244 drubalis.
848 3196 935 3244 Arrrlz.

172 3265 265 3316 verme
287 3268 329 3331 ex]
363 3267 395 3316 io
418 3269 669 3327 insuentium,
739 3275 777 3336 §t
794 3270 979 3335 AErorioasecit]
997 3270 1194 3336 condemnarit,
1205 3277 1234 3322 ot

140 3343 209 3393 unde
225 3347 319 3393 taudem
336 3345 499 3395 scribendum
517 3347 580 3406 ridi,
599 3346 668 3411 quotl
705 3349 825 3399 denarios
837 3351 976 3399 solverent.
996 3349 1077 3400 Muci.

140 3432 212 3469 error
223 3421 307 3470 illest
320 3423 479 3483 compendiis
491 3423 622 3474 literarum
634 3426 669 3476 sit
738 3426 862 3491 stipendio
871 3429 988 3492 privarit]
1003 3429 1101 3477 Livium
1113 3428 1177 3475 libro
1188 3440 1235 3476 no·

141 3503 224 3546 natos·
240 3499 335 3548 Sclott.
353 3498 414 3546 Nou
426 3498 501 3546 rideo
512 3501 572 3563 quid
585 3517 669 3554 more·
705 3518 739 3553 no
750 3506 856 3556 secundi
866 3506 926 3555 belli
937 3505 1029 3555 Punici
1039 3512 1099 3567 apte
1108 3503 1235 3551 hancine·

139 3572 175 3622 rlt
195 3573 279 3624 virum
307 3574 485 3625 doctissimum
508 3577 548 3624 iric
575 3582 669 3630 torrdrm
706 3581 798 3629 teriam
820 3582 975 3631 scribentem
997 3594 1127 3642 percurre.
1154 3577 1236 3630 Meet.

139 3662 277 3713 reponere,
288 3653 356 3716 quod
370 3661 442 3702 certe
458 3653 601 3716 corrumpit
611 3668 668 3704 seo·
705 3654 838 3717 Stipendiis
847 3657 950 3720 prioaor't
962 3656 1021 3703 libri
1034 3661 1145 3703 veteres.
1170 3655 1234 3703 Sne·

140 3741 206 3790 aum,
226 3736 252 3778 et
270 3731 355 3779 duodo
375 3744 463 3780 omnes
480 3729 542 3779 Mas.
562 3739 589 3779 et
609 3731 668 3782 edd.
706 3732 792 3779 tonius
804 3733 829 3780 iu
837 3732 943 3779 Tiberio
956 3732 1030 3778 initio
1043 3728 1124 3778 refert
1133 3729 1235 3779 unirer·

139 3805 193 3854 Pro
205 3820 237 3855 ex
248 3821 309 3856 raro
326 3822 390 3857 nnus
409 3816 438 3857 et
455 3809 523 3858 alter
541 3813 568 3857 rt
582 3809 623 3857 rel
635 3815 668 3859 ct.
705 3821 746 3854 ms
758 3806 841 3855 tribus
854 3806 967 3856 levitatis
977 3814 1080 3855 notatus
1088 3806 1114 3855 in
1125 3820 1235 3858 censere

141 3879 233 3931 Arnta.
706 3883 783 3932 Livii.
800 3882 894 3932 Seiron.

171 3959 310 4023 Pecnlulua]
335 3962 451 4013 Publice
472 3964 589 4027 pecunie
609 3963 668 4014 sub·
738 3958 895 4022 Eocrirrrirre]
915 3960 1005 4009 Monet
1017 3957 1234 4010 Dukerusrlderi

139 4045 232 4098 rapte.
244 4053 302 4086 uem
313 4038 339 4087 id
352 4041 467 4102 peculari
479 4049 507 4090 at
518 4041 667 4105 depeculari
705 4036 783 4087 fuisse
796 4037 821 4086 io
834 4036 934 4085 Boeud.
951 4036 1009 4085 eorl.
1027 4037 1109 4095 maire,
1120 4035 1166 4084 aed
1178 4050 1233 4085 urs·

138 4110 257 4174 tiguant3
275 4114 656 4177 indedepeouletorer.ll1ncl.
706 4122 787 4161 tatum
805 4113 831 4160 ln
848 4111 963 4169 mimine,-
978 4111 1038 4174 quid
1056 4112 1077 4158 ai
1096 4111 1242 4174 tegendum.

174 4186 251 4251 lteris]
266 4187 346 4236 Fabio
359 4196 435 4248 teste,
446 4190 479 4241 ‹la
489 4192 564 4257 cujas
574 4208 602 4244 rs
614 4195 667 4259 agia
704 4188 773 4238 foret
785 4187 895 4240 nomios?
919 4189 1012 4250 Neque
1024 4187 1090 4235 enim
1103 4188 1235 4256 recordere

139 4267 193 4327 ter,
201 4263 307 4316 dicitnr.
328 4264 411 4316 Mari.
704 4267 765 4319 alibi
777 4268 864 4333 legare
876 4268 987 4334 aliquem
1003 4265 1110 4318 crimine
1122 4281 1180 4320 aare
1189 4281 1233 4320 ee·
