3074 5040
380 338 532 408 ,nouam
552 345 648 395 vtor.
673 344 968 398 occurramus
993 348 1074 399 oen.
1100 349 1157 398 ιιι.
1256 333 1321 401 roo

222 484 380 543 cretam.
408 490 493 542 Porro
505 489 539 541 de
551 492 640 554 inepte
652 489 696 539 illa
706 488 752 540 eli·
790 489 868 541 Hauc
885 490 946 540 milri
963 493 1138 555 conjecturam
1155 492 1254 544 ocellot
1269 493 1322 545 Ee·

221 581 293 616 orum
305 569 383 616 etiam
397 567 542 631 principum
557 568 696 622 dementia,
707 567 751 632 qni
789 580 862 629 rope
880 567 997 628 Scaliger
1016 569 1205 632 suppeditavit,
1221 571 1322 620 conoul·

220 643 355 693 humantur
385 654 504 693 naturam
536 641 696 704 abdicantes,
722 656 751 694 ae
790 649 831 692 tur
853 658 869 692 a
888 659 928 693 rue
948 645 975 693 in
997 658 1091 694 corona
1114 646 1320 696 doctissimorum

219 717 292 770 Deoe
305 733 362 768 enee
372 719 443 769 credi
459 719 588 774 nolebant,
606 725 660 768 turn
678 719 750 777 elion,
788 717 1000 782 homiuum,dum
1012 720 1124 770 ertetioe
1138 721 1320 784 pomeridieuie

221 802 274 846 tum
292 795 398 846 courule
416 795 505 844 Burm.
520 796 552 843 ad
565 796 633 845 Veli.
646 796 752 852 Paterc-
787 794 859 843 lrorir
871 805 993 859 tauquam
1006 798 1031 845 in
1043 795 1170 846 Atheneo
1182 800 1321 850 contenire

220 885 255 923 ιι.
272 877 313 922 88.
331 872 402 921 line:
430 873 463 921 de
486 873 657 936 Heliogabalo
677 874 751 923 Laur-
767 903 770 907 -
788 872 911 922 tolerent.
931 873 1055 937 Propert.
1071 874 1123 922 ‘Et
1134 874 1204 923 venit
1217 888 1232 922 e
1243 875 1322 924 rubro

220 948 334 1012 pridinm
351 949 379 998 in
398 949 454 1012 ejus
472 950 527 999 ritu
541 964 565 999 c.
577 953 619 1000 88.
636 950 750 1001 ‘lunxit
788 948 888 999 concha
900 950 1012 1012 Erycina
1024 949 1095 999 erlo?
1112 950 1155 999 Sic
1165 951 1232 1014 apud
1243 951 1322 1001 Pleu·

220 1025 268 1073 eibi
289 1031 316 1073 et
336 1026 432 1086 leouer,
449 1026 564 1076 Metram
585 1040 703 1088 maguum
721 1039 750 1076 ee
789 1033 843 1075 turn
858 1025 981 1076 Rudente
997 1041 1087 1076 aerrue
1101 1028 1133 1075 ad
1147 1028 1323 1080 Venerende

219 1101 372 1163 appellant:
385 1102 472 1164 junrit
483 1110 512 1152 et
528 1103 617 1166 tieret,
629 1103 749 1154 [iberum
788 1103 933 1165 virginium
944 1102 1091 1167 naufragio:
1109 1104 1118 1132 ‘
1130 1105 1168 1154 Te
1180 1120 1213 1154 ex
1224 1107 1323 1157 concita

220 1189 248 1227 re
261 1175 373 1227 vooanu'
388 1176 478 1227 Amlz.
788 1187 874 1229 natam
886 1195 944 1230 erre
956 1187 1106 1242 autumaut3
1116 1196 1181 1231 care
1193 1190 1221 1231 to
1232 1183 1322 1235 lterum

251 1254 266 1318 §
276 1256 308 1303 1⁰
324 1254 374 1318 Spe
383 1255 409 1304 in
419 1255 586 1319 Gemina]
602 1256 688 1307 Credo
698 1272 749 1320 epe·
787 1257 896 1306 eonohar
907 1257 1036 1320 eperneu’
1054 1257 1164 1321 liiepeni
1174 1258 1250 1308 hodie
1261 1273 1322 1310 oon·

218 1330 255 1381 eie
263 1332 288 1380 in
298 1332 452 1382 Britanniam
458 1334 591 1397 eoripriree
599 1335 748 1398 Victorem
787 1335 860 1384 ciram
872 1337 880 1364 ‘
891 1351 943 1386 nna
955 1335 1079 1386 Venera'
1091 1337 1242 1401 appellent:
1257 1337 1322 1399 Um·

219 1407 319 1458 librarii
329 1423 387 1472 ιρις
400 1410 464 1459 iilud
476 1417 562 1460 tamen
574 1424 625 1460 uon
637 1413 748 1463 damnor
787 1410 1059 1469 bilicrmlrerbe‚ltelit
1069 1427 1171 1476 quoqne
1179 1413 1322 1464 endilicodi

218 1485 309 1548 ‘apem
319 1485 327 1508 '
338 1486 407 1536 enim
418 1486 532 1537 debello
542 1488 666 1537 miiitibne
678 1487 748 1538 fece·
790 1487 890 1540 Vertere.
917 1491 1066 1539 Dioscoridi
1077 1489 1157 1539 eredo
1168 1489 1321 1549 dormitur.

218 1569 269 1612 rat.
302 1563 336 1612 Et
347 1563 415 1627 quod
428 1563 460 1612 ed
472 1579 596 1614 oceanum
610 1573 710 1627 egeret,
721 1566 748 1615 in
786 1563 880 1614 Solott-
897 1566 1037 1615 Salmasius
1049 1567 1066 1615 l.
1076 1566 1095 1614 l.
1105 1583 1131 1630 p.
1144 1571 1201 1616 486.
1215 1568 1321 1630 legebat

218 1637 378 1689 Brittaniam
395 1642 524 1705 cogitatae
540 1643 748 1705 propietatem
786 1643 847 1702 qaod
873 1641 1006 1702 injucundi
1030 1643 1105 1690 colret
1127 1656 1174 1704 pro
1197 1644 1321 1693 calcnloe.

218 1715 306 1765 ebert:
331 1733 390 1767 nem
411 1718 561 1768 Britannice
580 1718 747 1783 expeditione
787 1715 852 1766 Ideo
864 1716 933 1780 quod
952 1716 1059 1766 conolru
1077 1717 1181 1779 proprie
1198 1730 1249 1765 uou
1267 1717 1322 1768 tint

218 1792 274 1842 lreee
287 1794 516 1857 geeteXiphil'moa
527 1802 555 1843 et
567 1794 677 1845 Oroelut
693 1797 747 1846 alii·
787 1793 880 1855 plocen,
891 1794 1036 1857 praesertim
1055 1792 1077 1841 ri
1097 1793 1122 1840 in
1141 1793 1219 1841 litore
1234 1794 1320 1854 leuen·

218 1883 269 1934 que
281 1876 402 1919 auctores
413 1879 483 1919 runt.
499 1870 591 1922 Solott.
786 1874 839 1918 tur·
871 1869 930 1918 Alio
944 1870 1021 1931 plene
1033 1866 1109 1917 modo
1121 1869 1246 1919 Scirottur
1255 1869 1321 1920 Oba.

254 1947 360 1996 coneda
383 1946 562 2011 umbilicoque]
594 1948 687 1997 Cicero
714 1947 748 1999 de
786 1957 831 1993 ιιι.
841 1949 882 1994 21.
903 1945 1000 1996 ‘Quod
1018 1943 1162 2007 hujusmodi
1181 1959 1276 2008 epecue
1292 1961 1320 2011 fl.

219 2022 296 2072 Oret.
316 2037 348 2071 ιι.
368 2024 404 2071 ait
422 2023 570 2086 Scipionem
589 2024 678 2073 dicore
689 2026 749 2074 toli·
786 2021 812 2071 d.
823 2037 847 2086 q.
858 2037 914 2071 a.o.
925 2037 979 2071 me.
991 2021 1160 2086 nympharum
1171 2021 1232 2070 duci
1245 2035 1320 2072 ecee·

220 2107 272 2147 turn
289 2112 317 2147 re
335 2105 539 2161 ‘repuerancere
557 2114 616 2149 eum
627 2101 661 2149 ed
674 2101 749 2150 Caie-
786 2101 867 2164 piaret
876 2102 916 2150 rel
926 2101 1094 2165 nympharum
1102 2098 1322 2156 limina.¹‘Qnod.'

219 2182 272 2223 tem
283 2189 335 2223 uua
346 2188 404 2224 euru
421 2176 505 2225 laelio
521 2177 604 2226 arnico
621 2192 669 2226 eno
687 2191 748 2227 oou·
786 2177 1321 2242 addit‚‘ejuamodiepeouocaritateranut

219 2250 280 2299 cirea
298 2252 399 2313 legeret
418 2259 446 2301 ot
464 2250 616 2301 umbilicos)
642 2253 747 2317 ,murm
785 2259 813 2302 et
829 2269 948 2303 cerernu
967 2254 1082 2303 littorum
1099 2253 1187 2313 muris,
1203 2253 1246 2303 nbi
1263 2252 1319 2306 tere

219 2326 309 2375 Veler.
324 2328 397 2376 Max.
414 2341 477 2378 vrrr.
495 2332 520 2376 8.
536 2329 581 2378 ubi
598 2330 623 2377 iu
644 2330 748 2394 quibua·
785 2332 891 2380 conche
915 2338 943 2380 et
965 2331 1081 2380 umbilici
1105 2329 1271 2394 reperiuntur
1292 2331 1318 2381 iu

219 2402 278 2453 dem
288 2404 749 2470 Menodelieooeproenriilioorlepaa·
785 2406 907 2472 piscatu!
941 2408 1008 2457 Mire
1030 2404 1149 2469 prolecto
1173 2407 1240 2456 ratio
1258 2405 1318 2459 ideo

218 2479 312 2533 Sabell.
355 2481 422 2531 Horo
444 2483 635 2546 conjunguntur
656 2483 748 2532 eodem
785 2484 927 2535 'conchae’
939 2484 990 2533 dici
1001 2487 1008 2513 ⁸
1020 2484 1116 2533 luminu
1129 2483 1318 2547 nymphereut‚’

217 2558 295 2609 modo
313 2559 347 2608 ab
365 2559 460 2609 Ouidio
478 2558 537 2609 Aur.
556 2560 598 2610 ΕΙ.
613 2573 644 2609 ιι.
657 2562 696 2609 11.
709 2564 749 2612 18.
785 2562 852 2627 quod
865 2561 898 2611 eb
909 2560 947 2610 hie
959 2561 984 2610 iu
995 2561 1077 2610 antrie
1086 2561 1138 2610 ruia
1148 2561 1256 2624 pedlbne
1266 2563 1318 2613 eei-

218 2642 227 2669 ·
239 2637 296 2686 Nec
308 2636 409 2686 medior
421 2644 511 2687 tenues
522 2636 642 2702 conciter,
654 2637 748 2701 pictor·
785 2646 923 2698 ceremon
940 2652 986 2687 eur
997 2637 1076 2700 igitur
1097 2651 1147 2686 non
1167 2639 1254 2702 potina
1273 2653 1318 2703 pe·

218 2728 269 2776 que
291 2714 392 2779 lapilior
415 2713 515 2763 Pontue
538 2713 635 2763 nabet:
665 2713 747 2764 bibuli
785 2714 1083 2765 dealuineeutrocetci
1116 2714 1229 2763 Videtur
1246 2721 1318 2764 certe

216 2789 513 2840 litorisnramonest!
538 2790 618 2854 Apul.
631 2790 708 2853 opor.
721 2807 747 2856 p.
784 2792 882 2855 aliquid
903 2793 958 2841 vitii
982 2792 1075 2851 latere,
1097 2791 1145 2840 oiri
1174 2800 1319 2842 statuemur

217 2870 273 2916 881.
292 2868 439 2919 ‘Quietiora
451 2867 483 2915 de
501 2868 578 2917 litore
595 2868 746 2918 conchulam
783 2869 890 2917 eburire
907 2869 1033 2918 Nostrum
1052 2867 1151 2916 coeclme
1171 2858 1317 2930 appellatae

218 2946 345 3007 atriataru,
363 2953 455 2994 tectam
474 2945 603 3003 nebeten,
616 2945 745 2996 caleulum
780 2946 866 3007 pieres,
888 2952 914 2994 et
938 2944 997 2993 ideo
1025 2944 1114 2992 lumino
1136 2958 1193 2991 erre
1215 2951 1317 3003 romte.

218 3019 347 3070 teretem.'
380 3019 457 3068 Adde
475 3021 607 3071 Erarmnm
623 3022 649 3071 iu
666 3023 746 3072 Pror.
783 3022 850 3085 quod
863 3021 933 3070 rerio
945 3022 1031 3070 colore
1047 3030 1075 3068 et
1090 3018 1190 3080 fulgore
1209 3033 1317 3070 cormoe

218 3095 258 3145 tit.
276 3100 284 3125 ‘
297 3096 384 3144 luania
396 3096 488 3158 opere'
505 3111 530 3160 p.
540 3101 598 3147 888.
609 3106 638 3148 et
650 3102 658 3126 ⁸
669 3114 746 3149 occu·
783 3096 915 3146 oculorum
937 3094 1100 3156 splendorem
1123 3094 1267 3156 imitentur,
1289 3100 1318 3144 el

218 3171 306 3234 petio'
324 3187 351 3232 p.
368 3175 425 3220 548.
442 3180 470 3221 et
482 3173 563 3222 Turn.
578 3172 647 3222 Ado.
665 3187 745 3226 uir.
783 3173 886 3235 quidem
895 3171 1059 3235 nympdurnrrr.
1069 3183 1119 3231 quo
1129 3183 1144 3218 a
1154 3170 1216 3217 mari
1227 3170 1317 3233 expel-

217 3251 261 3297 lo.
278 3245 365 3294 Aruir-
782 3248 908 3298 lerentur.
942 3246 1002 3295 Nou
1021 3244 1125 3294 ridetur
1136 3244 1265 3294 Victorem
1278 3247 1317 3296 iu·

252 3323 315 3379 Qru'r
325 3322 530 3386 ommdiomm'o]
546 3326 585 3375 De
595 3325 745 3377 Graecorum
783 3323 900 3387 rpexiree
918 3320 1084 3370 Keuclreoinr
1100 3320 1133 3370 ad
1151 3321 1281 3371 Sammou.
1291 3337 1321 3386 pr

217 3401 334 3451 vanitate
346 3401 426 3448 multa
438 3400 531 3450 Cicero
549 3415 597 3463 pro
608 3402 710 3465 Flacco,
721 3411 749 3455 et
785 3405 841 3451 166.
854 3413 913 3448 cum
930 3398 1001 3448 dicet
1013 3397 1103 3447 Aurei.
1116 3397 1186 3447 vict.
1203 3397 1316 3461 lapidem

217 3478 456 3532 Juvenalirsat.x.
479 3476 632 3541 ‘Quidquid
646 3478 748 3532 Graecia
784 3476 944 3542 apeculerem
967 3489 1061 3526 roonre
1089 3474 1181 3536 deeora
1208 3476 1319 3538 νυμφῶν.

217 3556 329 3606 mendax
343 3555 430 3604 Audet
441 3552 607 3604 initiatoria.¹
623 3554 715 3606 Sciott.
784 3556 829 3619 qui
848 3555 903 3602 aine
921 3553 1000 3602 dnbio
1017 3567 1049 3601 ex
1068 3550 1258 3615 interpretibue
1275 3564 1316 3601 aa·

217 3650 220 3655 ·
251 3633 416 3698 Nymptamn
432 3628 645 3692 leminerpm
661 3633 747 3684 Greci
785 3646 848 3697 pere
861 3631 998 3680 didicerat.
1014 3629 1102 3678 Ante.

217 3708 287 3760 forte
298 3712 474 3774 appellarunt,
492 3722 549 3772 que
563 3709 648 3759 Latini
665 3710 747 3761 orello·
816 3707 959 3771 Dominam]
1001 3704 1190 3768 Congrueutiue
1221 3704 1316 3769 legerit

218 3789 263 3835 loe.
286 3786 548 3848 VarroMarcipore:
566 3785 746 3836 ‘Alteraexo
784 3785 905 3834 dominere
927 3799 954 3835 ee
980 3782 1038 3845 diei,
1063 3782 1104 3830 rel
1131 3780 1240 3832 doctiore
1260 3781 1319 3834 lim

218 3862 749 3927 ratpatremlilrranrocelletoruur3altere
784 3863 863 3914 Grut.

218 3941 459 3991 rerumreurodiom
471 3940 687 4003 margaritarum!
711 3942 747 3992 A·
817 3945 874 4007 §12
892 3943 1000 3992 Auctore
1028 3935 1115 4000 Coeo]
1143 3935 1315 3989 Scribeudun

219 4018 272 4082 pud
290 4019 412 4069 Nonium.
446 4018 489 4067 Sic
505 4016 574 4082 apud
594 4017 747 4071 Suetonium
785 4020 902 4069 066666.-
920 4019 941 4067 ie
952 4024 1011 4066 erat
1022 4015 1140 4064 ‘Cercina
1152 4015 1317 4064 Charetem

218 4098 345 4149 Octavius
363 4100 501 4149 ‘ocellatir
518 4097 694 4164 nuciboeqne’
708 4100 747 4148 lu·
783 4097 865 4146 lrortir
876 4095 1007 4158 pretorio
1021 4091 1147 4153 tribuum,
1160 4091 1205 4155 qui
1218 4089 1316 4153 prium

218 4173 335 4241 dit‚oep.
347 4181 388 4226 88.
398 4177 436 4226 ita
452 4177 520 4224 eninr
533 4176 568 4224 ibi
582 4176 748 4239 legendume
784 4173 835 4223 eibi
851 4179 937 4236 parter
954 4168 1102 4220 trucidandi
1115 4168 1171 4220 caii
1187 4168 1314 4232 depopoe·

218 4250 283 4304 ider.
294 4254 466 4318 periniquum
477 4252 591 4303 mellatio
600 4251 639 4305 tel
651 4253 748 4305 ouillr'r.
784 4251 876 4307 cerat?
892 4252 1001 4303 Sueton.
1013 4264 1038 4302 6.
1052 4251 1093 4302 58.
1125 4249 1256 4304 ceterum
1267 4247 1314 4300 iter
