3074 5040
280 362 420 413 auara.
443 365 540 416 viar.
563 367 613 416 na
636 369 855 422 emeramus
878 374 961 425 car.
983 373 1096 423 xxiv.
1165 359 1231 428 ⁷33

144 505 307 571 Lampridius
334 510 366 558 da
394 510 485 560 eudem
511 512 668 576 Elagabalor
705 514 820 566 dirertlm
839 517 928 568 Arcliu.
956 520 1045 569 Flavio
1059 520 1173 585 Josaplic
1186 522 1231 574 lib.

143 584 258 647 ‘Cuigit
274 587 415 649 temptarer
430 590 563 637 nonnullae
579 591 667 639 nefau-
706 606 732 641 r.
761 593 954 656 Antiquitatum
976 597 1141 647 ludaicarum
1160 600 1231 662 ’Apul

143 660 186 723 da,
208 663 285 713 imma
309 665 392 727 potina
415 681 464 714 uou
487 665 595 717 ferenda
614 670 668 732 ejus
705 669 1041 730 eruei‘arrlruuludaeae
1053 672 1113 721 urbs
1126 675 1151 721 iu
1163 675 1231 724 tribu

144 738 217 787 dicta
231 739 264 788 de
281 740 387 789 libidine
405 741 555 805 dirputara!
589 745 668 801 Alibi,
706 745 780 794 Arar.
792 746 928 795 ‘Arcena'
946 760 1007 795 reru
1026 748 1173 810 Lampridio
1185 751 1231 798 ini·

142 818 356 879 egregievaautor
367 820 555 882 perquisivisse.
573 821 668 870 Patrue
706 822 742 871 tio
755 823 843 871 Severi
855 824 915 872 alia.
932 821 1025 872 Scidit.
1052 823 1231 876 lllurtratlroee

143 906 205 940 reru
231 893 348 943 Pitlroeur
378 897 483 946 ricerdis
510 899 669 948 tractandisve
706 898 762 960 ipra
781 898 897 960 Scaliger
916 898 941 947 iu
960 897 1232 950 Animadversionibua

141 968 250 1028 paritius
267 968 320 1034 (rai
337 969 434 1018 arcula·
451 971 574 1021 libidinum
590 973 668 1033 sceda·
705 976 867 1039 Euaebiauir,
886 991 951 1025 anuo
964 990 1114 1026 mercenari.
1132 979 1233 1029 Gruter.

143 1043 216 1106 ram).
248 1045 292 1095 Sic
314 1061 393 1110 cupra
415 1047 529 1104 Nerone,
550 1054 579 1098 tit
597 1056 623 1098 et
642 1051 668 1098 in
705 1052 757 1101 Sed
775 1068 897 1102 summum
916 1055 1010 1118 Scalig.
1027 1053 1091 1104 salio
1108 1055 1232 1105 Noatrum

143 1121 264 1185 Epiruma
288 1137 394 1182 excusa,
415 1124 571 1174 ‘Genitalia
595 1127 669 1177 vultu
706 1141 828 1177 accusare
847 1129 947 1193 patebit
962 1129 1138 1194 exLamprid.
1156 1147 1181 1182 c.
1193 1136 1233 1183 ta.

142 1198 341 1248 contrectabat!
374 1200 669 1252 Eruditualectcrarbi·
705 1202 793 1253 Aruiz.

144 1272 372 1324 trabitur-Sciron.
400 1277 670 1329 Cumuonunmme·
738 1280 920 1343 §idducrram
932 1280 1053 1344 Xerxem]
1070 1281 1233 1345 Decxpedi·

143 1348 217 1398 diem
231 1350 289 1399 hiric
301 1354 437 1402 accerserit
449 1354 514 1413 loco,
525 1355 585 1418 quid
598 1363 670 1406 vetat
706 1355 818 1410 tionmin
837 1356 941 1420 Parcae,
958 1373 1008 1417 qua
1026 1358 1108 1406 rietur
1120 1358 1232 1416 Xerxen,

143 1434 171 1474 et
183 1441 265 1475 meam
275 1442 315 1476 me
328 1428 430 1477 adferre
440 1430 597 1494 cymbulam?
610 1447 669 1482 cuu-
707 1431 847 1496 Eutropius
858 1432 902 1482 lib.
915 1440 1010 1481 irruat
1019 1433 1126 1482 Oraiiua
1135 1438 1233 1484 r11.18.

138 1504 192 1565 jeci
205 1505 263 1553 olim
277 1505 549 1568 Perquirebutuieerdm
565 1514 669 1559 cruciar-
706 1507 870 1558 Herodianus
891 1524 952 1558 vero
964 1516 971 1537 ⁴
981 1508 1168 1559 Artaxerxem'
1186 1524 1233 1559 aa·

142 1580 212 1628 dcccc
237 1580 334 1629 urlulm
355 1582 479 1631 libidinum
500 1586 671 1633 verendarum.-
705 1584 784 1633 minat
796 1595 823 1635 et
836 1586 1006 1650 Lampridius,
1015 1594 1041 1636 et
1054 1594 1104 1635 tam
1117 1601 1233 1652 requam

143 1657 246 1707 ridetur
257 1660 322 1707 euim
336 1661 479 1721 respexisse
491 1659 523 1708 ad
540 1661 582 1708 illa
596 1663 669 1710 Lam·
705 1662 807 1711 nomina
824 1666 1029 1726 potentissimum
1045 1678 1129 1727 regem
1147 1664 1232 1714 furum

143 1733 221 1795 pridii
233 1741 321 1798 capii.
338 1736 437 1799 ‘quue
449 1737 586 1798 diligenter
597 1751 669 1788 cura·
706 1734 875 1802 fugatumque
888 1741 987 1788 scribit.
1003 1739 1097 1788 Sclrctt.
1131 1741 1234 1788 Daciam

144 1819 260 1873 tumeat,
272 1819 343 1860 utex
355 1821 408 1860 tota
427 1812 530 1875 peuitua
545 1813 618 1876 urbe,
630 1822 670 1863 at·
707 1826 753 1875 pro
775 1814 882 1863 Xerxem
905 1816 930 1863 in
958 1815 1055 1876 rcripto
1083 1814 1141 1863 cod.
1163 1813 1232 1876 apud

142 1904 192 1952 que
204 1888 513 1937 exuauticiainouobelor
526 1899 670 1954 quereret3
706 1889 780 1937 Sext.
804 1889 899 1939 Rufum
921 1891 1006 1940 iuveni
1025 1904 1084 1954 cap.
1103 1894 1143 1939 22.
1166 1889 1233 1940 addc

144 1968 181 2014 ric
193 1980 236 2014 eoa
247 1965 394 2029 appellabat
409 1965 450 2028 qui
464 1965 588 2015 viriliores
601 1967 670 2015 ride·
707 1964 816 2014 Caraub.
829 1966 861 2014 ad
872 1967 961 2029 Lamp.
971 1982 1029 2029 cap.
1040 1973 1080 2015 ⁶5.
1098 1967 1184 2016 Arria.
1223 1987 1226 1992 ·

144 2041 254 2091 bantur.'
274 2043 314 2090 Ex
325 2057 374 2105 quo
386 2043 443 2090 loco
453 2051 563 2105 apparat
574 2052 601 2092 et
613 2045 670 2095 heic
740 2043 787 2091 Cri
803 2044 936 2092 uocabulum
954 2044 1041 2106 Siciia]
1060 2043 1100 2092 lta
1119 2057 1232 2106 repono:

144 2113 345 2177 rescribendum,
363 2131 423 2174 nou,
442 2127 470 2167 ut
490 2120 612 2169 liactrmra
630 2135 669 2170 re·
707 2132 764 2167 uam
777 2119 902 2169 Mamlmc
919 2128 992 2183 parte
1010 2120 1145 2167 mendosas
1157 2119 1233 2168 iuro·

143 2205 257 2260 ceptum.
277 2195 359 2258 quippe
374 2195 428 2243 oric
443 2199 510 2251 irim·
527 2195 572 2244 red
590 2197 670 2260 magia
706 2195 811 2243 cadalum
824 2196 918 2244 Sicilia.
936 2194 1081 2258 ‘Ageutam
1099 2210 1156 2244 cum
1170 2211 1233 2259 pau·

143 2276 228 2338 quippe
239 2272 294 2321 arde
307 2276 363 2319 loir.
380 2272 486 2320 Gruter.
521 2273 576 2331 Etru
588 2273 670 2334 proba
707 2271 743 2319 cir
761 2272 786 2319 in
806 2272 963 2332 Britannia3
981 2281 1008 2320 ιιι
1025 2272 1067 2319 alii
1088 2272 1187 2333 voluat,
1205 2273 1232 2322 ίιι

140 2350 250 2414 purtiltrr
276 2348 399 2396 libidinum
428 2349 588 2406 acsardcmm.
631 2351 669 2399 Eo
707 2349 793 2398 Gallia
815 2350 841 2398 in
865 2350 922 2398 rico
948 2350 990 2399 cui
1017 2349 1096 2398 Sirila
1125 2351 1235 2401 noman:

143 2430 211 2477 euim
233 2425 345 2474 nefanda
370 2425 574 2487 turpissimorum
599 2439 669 2474 mou·
708 2426 870 2489 Lampridia·
883 2427 989 2476 totidem
1002 2425 1097 2474 rerbir·
1113 2426 1234 2476 Sricilar.

144 2515 254 2554 atrorum
273 2501 352 2550 libido
369 2501 504 2564 precessit,
516 2509 545 2549 itt
561 2502 627 2565 quod
640 2516 669 2552 re
707 2503 741 2551 Et
753 2503 869 2568 Scaliger
882 2505 913 2552 ad
924 2502 1114 2566 Eureb.p.2³3.
1130 2505 1217 2552 Arria.

144 2583 200 2646 ipra
211 2579 335 2645 perlicere
351 2578 498 2640 nequirent,
508 2578 605 2639 inpuris
617 2578 669 2628 ito·
739 2582 779 2643 §5
800 2581 905 2630 celebria
915 2580 1050 2638 Jitdrieutrm
1068 2580 1115 2643 erl]
1140 2578 1234 2628 Aucu-

144 2660 227 2707 larent
247 2654 503 2706 contrectationibus.
535 2653 586 2703 Sed
603 2656 669 2704 auri·
708 2655 916 2706 liorductimimo
933 2656 1058 2710 Olirariu,
1069 2669 1144 2719 quem
1156 2655 1233 2704 lianc·

145 2737 192 2786 bus
205 2750 291 2799 parco.
309 2733 395 2782 Arum.
706 2733 740 2781 ria
749 2749 824 2783 caum
836 2733 931 2795 caepim
942 2732 1096 2796 uaitrpo‚qni
1109 2731 1235 2795 Serapium

178 2816 229 2877 Η
254 2810 378 2873 Pompilii]
410 2808 559 2870 Legeudum
581 2810 670 2873 procul
701 2809 880 2869 fabricatricem
894 2810 1004 2872 legebat,
1017 2811 1056 2857 vel
1070 2808 1178 2857 Irimuri
1190 2809 1234 2858 Se·

145 2889 222 2939 dnbio
245 2889 330 2951 Opilii,
353 2887 463 2936 Macrini
485 2887 591 2935 scilicet.
626 2888 670 2936 Sic
706 2887 806 2949 rapiam.
840 2887 1147 2951 stip-quioqueuumdtrm
1159 2889 1234 2934 latria

145 2969 211 3018 euim
219 2965 569 3032 Lampridtotiderurerbir:
579 2966 669 3029 ‘quem
706 2964 842 3013 recert'lciic
853 2964 909 3012 uim.
928 2961 1235 3026 OperaAlexaudrimtut

144 3047 273 3095 Curarem
287 3053 391 3092 uenatus
403 3042 522 3090 Macrino
533 3042 670 3090 interemto
708 3040 814 3089 therme
826 3048 854 3089 et
871 3041 964 3088 circui.
991 3039 1034 3086 Ita
1052 3037 1214 3099 Lampridius
1228 3052 1236 3086 ι

145 3118 340 3185 appellaverat!
352 3119 443 3165 Victor
452 3118 613 3167 nobilitatem
624 3133 670 3182 pru
706 3116 806 3165 ‘Isium
824 3124 852 3164 et
868 3115 1003 3177 Serapium
1022 3110 1146 3159 decenter
1161 3125 1235 3159 orna-

145 3205 237 3245 rcnatu
250 3196 325 3254 dixit,
334 3208 384 3256 quo
396 3192 427 3240 de
439 3194 509 3242 alibi.
544 3196 584 3242 De
598 3196 671 3259 euplo
707 3193 746 3240 rit
758 3191 853 3240 additia
865 3192 945 3254 riguis
961 3197 989 3238 et
1001 3189 1105 3236 deliaci·
1117 3196 1144 3236 et
1155 3186 1235 3236 amai-

144 3273 281 3323 aacerdotii
302 3272 382 3334 Syrioe
403 3271 480 3332 Solia,
501 3272 551 3332 rel,
571 3280 600 3320 ut
618 3273 670 3328 alii,
709 3271 756 3318 bur
767 3271 892 3333 mysticis.
925 3270 956 3317 In
974 3275 1081 3316 matrem
1099 3267 1235 3316 Mammam

144 3349 304 3404 Jorir‚idem
318 3345 671 3409 Lampridceruinareferm
707 3344 1048 3409 rtuicepiua‚'&c.Scliclt.
1083 3343 1236 3404 PatoOprrr

145 3441 220 3490 quem
242 3424 310 3486 ride,
331 3429 359 3471 et
380 3422 557 3471 Herodianum
578 3423 622 3473 lib.
645 3439 672 3474 r.
707 3424 760 3472 tardi
772 3424 970 3488 starmlirrimrim
983 3420 1235 3478 ctrelcderrimumsu·

146 3503 239 3553 Scholi-
708 3498 860 3549 bricularerl.
876 3498 1029 3563 [VideNot.
1039 3495 1147 3558 Delma]
1164 3495 1236 3544 Nihil

178 3581 244 3629 Car.
263 3578 394 3640 xxiv.§l
420 3573 499 3638 Syria
520 3573 585 3637 criu]
608 3576 671 3625 Fur·
708 3576 778 3624 aliud
801 3578 937 3626 succurrit.
967 3576 1046 3624 Arria.
1087 3574 1143 3622 Nec
1166 3570 1236 3628 milri,

146 3665 172 3705 te
193 3657 249 3705 urle
267 3652 464 3702 exaudiendum.
482 3651 548 3699 Vide
565 3652 673 3714 Septim.
708 3653 756 3701 ulai
784 3651 924 3702 faciliorem
952 3666 1008 3700 erre
1030 3649 1236 3722 emcpdaticnem

147 3735 233 3783 Serer.
256 3734 269 3796 §
289 3736 329 3781 28.
347 3730 439 3779 Saluti.
473 3729 508 3779 Et
525 3730 581 3793 quir
598 3729 672 3780 dubi·
707 3729 960 3793 celedrrqaenedrcr
972 3727 1063 3778 codem
1077 3726 1154 3775 redit.
1170 3725 1237 3774 Ant·

148 3811 215 3859 tabit
232 3822 316 3856 reram
337 3820 393 3855 erce
417 3806 481 3854 hunc
501 3807 673 3856 constructio·
709 3807 809 3856 izmiirr.

145 3888 222 3937 irrui?
240 3887 344 3946 vulgare
364 3887 430 3932 enim
453 3889 493 3932 eit
509 3884 611 3933 uomina
632 3898 671 3933 re·
742 3883 756 3946 ἕ
773 3887 789 3931 d
808 3883 946 3945 Paulloque]
969 3881 995 3931 J.
1015 3879 1046 3929 C.
1067 3885 1119 3927 tum
1138 3874 1236 3934 laudat,

148 3968 248 4029 giouum
266 3964 325 4027 puui
340 3963 429 4011 eodem
442 3962 517 4010 modo
529 3976 559 4010 ac
571 3961 673 4012 uomina
710 3958 782 4021 cujus
795 3967 824 4006 ut
840 3966 868 4006 et
878 3956 983 4019 Ulpiani
1000 3954 1098 4003 mentio
1115 3952 1236 4018 frequen·

146 4043 255 4091 urbium.
289 4039 355 4087 Vide
368 4053 425 4103 quae
436 4055 492 4102 rap.
503 4053 560 4103 crp.
571 4042 621 4103 Μ
635 4044 672 4090 ld.
710 4035 779 4098 apud
798 4035 928 4097 Lamprid.
945 4031 1092 4082 Alexandro
1104 4040 1132 4081 et
1145 4032 1236 4093 Elaga-

148 4121 234 4169 Amiz·
711 4113 778 4162 balo.
796 4112 888 4160 Scauri.

180 4196 288 4243 Cucurri
309 4197 332 4241 et
354 4192 420 4242 Arm
440 4207 522 4243 ucmm
542 4192 589 4256 eri]
608 4193 672 4244 Mra.
743 4183 1129 4249 lutericurrti'apmriareddiu]
1153 4182 1235 4247 [Vide
