3074 5040
526 325 722 433 ascensus
756 379 985 438 5515155515,-
1007 368 1065 430 &a
1252 367 1318 434 861

221 527 436 609 septuagesimo
446 532 542 596 sexto,
556 543 654 583 meuse
663 522 748 583 tulii.
790 522 943 602 Impressit
957 522 1102 583 Matthias
1118 523 1261 586 Moravus
1273 528 1317 589 vir

221 625 363 705 singulari
378 624 494 703 ingenio
507 632 538 681 et
550 633 623 684 arte.
664 620 853 699 Recognovit
866 620 885 678 J
888 621 1013 680 uuianus
1028 621 1131 700 Majus
1148 624 1315 684 Partheno-

221 744 303 804 paeus
313 724 411 782 rhetor
421 720 555 802 publicus
564 739 679 779 summa
690 739 762 780 cura
774 738 945 798 summaque
955 718 1130 797 diligentia?
1161 721 1211 782 cf.
1223 722 1316 782 Mait-

222 822 290 880 tsrii
304 819 386 879 Anu.
401 819 531 898 Typogr.
544 816 581 878 T.
598 835 622 879 1.
635 837 665 897 p.
683 822 754 877 801.

259 903 284 975 ⁴s.
301 938 328 976 a.
339 916 401 976 etl.
416 915 508 975 editio
522 914 618 974 Plinii
643 914 673 972 in
694 912 856 972 Germania
878 911 958 972 lacta
978 912 1069 971 habet
1081 914 1171 973 etiam
1185 914 1317 975 Victoris

220 1013 352 1072 libellum
366 1014 404 1071 de
415 1012 499 1073 Viris
512 1011 692 1080 Illustribus,
705 1019 780 1070 teste
790 1009 827 1070 cl.
843 1009 978 1069 Ernestio
992 1011 1021 1068 iu
1037 1009 1118 1071 Bibl.
1131 1011 1316 1085 Fabricianrc

222 1111 358 1169 auctioris
371 1109 408 1170 T.
431 1127 487 1170 111.
511 1131 541 1189 p.
556 1115 627 1169 126.
669 1106 751 1169 Vide
776 1106 946 1167 Recensum
966 1117 1094 1167 nostrum
1120 1107 1189 1170 edd.
1212 1109 1315 1172 Pane·

220 1209 385 1287 gyricorum
397 1205 555 1279 Veterum,
569 1228 599 1286 p.
612 1212 702 1266 2480.

260 1311 339 1364 1501
362 1305 511 1375 Venetiis‚
523 1311 552 1365 4.
574 1303 674 1380 (Sext.
689 1302 765 1362 Aur.
781 1301 926 1380 Victoris)
942 1301 1031 1361 Liber
1043 1303 1081 1362 de
1095 1303 1177 1363 Viris
1188 1303 1314 1365 Illustri-

220 1402 359 1472 bus,cum
370 1402 467 1461 Plinii
479 1401 558 1482 Epp.
570 1397 651 1461 Vide
662 1400 833 1461 Recensum
842 1410 971 1460 nostrum
980 1401 1048 1462 edd.
1063 1401 1315 1482 Panegyricorum

222 1499 365 1558 Veterum
381 1521 410 1581 p.
424 1506 515 1560 2481.

261 1602 340 1655 1505
360 1597 545 1675 Argentiuae,
568 1603 598 1656 4.
621 1596 659 1656 0.
682 1595 776 1654 Plinii
793 1596 920 1673 junioris
942 1595 1043 1672 (Sext.
1069 1596 1146 1656 Aur.
1169 1597 1316 1677 Victoris)

219 1690 292 1752 liber
306 1693 471 1754 Illustrium
492 1695 632 1754 Virorum
656 1716 675 1754 a
696 1694 819 1754 condita
841 1694 937 1753 Urbe.
979 1694 1165 1771 Argentiuae‚
1185 1697 1214 1754 in
1238 1694 1314 1757 offic.

220 1788 318 1851 Henr.
330 1790 622 1856 (suenci-Editor
634 1800 679 1850 est
690 1790 759 1851 Iac.
774 1790 971 1859 Gottesheim‚
985 1791 1036 1870 qui
1050 1792 1079 1849 in
1089 1791 1170 1871 praes.
1184 1791 1268 1862 dicit,
1283 1812 1314 1851 se

220 1896 288 1946 ante
308 1889 422 1968 aliquot
435 1909 526 1948 annos
538 1889 736 1948 enarrationes
749 1886 892 1969 quasdam
912 1889 941 1946 in
965 1887 1043 1946 huuc
1065 1881 1199 1948 libellum
1222 1909 1313 1948 excu·

147 2004 150 2012 ·
218 1983 305 2044 disse.

258 2115 299 2126 —
320 2081 517 2159 Argentorati‚
529 2088 558 2141 8.
580 2080 666 2140 Sext.
679 2081 756 2140 Aur.
781 2079 914 2139 Victoris
936 2080 1074 2161 Epitome
1095 2071 1156 2141 sire
1176 2082 1214 2141 de
1238 2082 1314 2144 Vita

218 2186 249 2236 et
273 2177 411 2238 Moribus
437 2178 652 2259 Imperatorum
680 2177 772 2240 Rom.
815 2179 967 2258 Excerpta
987 2199 1006 2237 a
1032 2178 1150 2238 Caesare
1174 2179 1314 2260 Augusto

219 2293 310 2354 usque
326 2275 364 2334 ad
376 2275 577 2336 Theodosium
592 2275 670 2355 Imp.
713 2273 877 2354 Aigeutor.
891 2295 939 2355 ap.
956 2275 1067 2335 Matth.
1080 2275 1216 2335 Schurer.

259 2379 338 2433 1506
359 2372 563 2452 Argentorati,
577 2381 607 2433 4.
631 2371 716 2432 Sext.
731 2371 810 2433 Aur.
822 2370 927 2431 Victor
948 2372 985 2432 de
1009 2370 1091 2431 Viris
1111 2371 1224 2435 Illustr.
1246 2396 1314 2436 cum

217 2468 238 2528 1
241 2471 338 2531 ustino
348 2479 379 2530 et
392 2471 491 2531 Floro.

257 2575 338 2631 1507
360 2569 479 2649 Lipsiae,
498 2574 527 2627 4.
550 2567 587 2629 (l.
602 2566 925 2647 SuetoniiTranquilli
948 2566 1048 2643 (Sext.
1066 2566 1145 2628 Aur.
1168 2567 1313 2647 Vlctoris)

218 2663 307 2725 Liber
320 2666 357 2726 de
379 2665 464 2725 Viris
483 2665 653 2725 Illustribus
667 2665 760 2724 Urbis
775 2663 896 2735 Romar,
916 2685 984 2724 cum
1005 2666 1082 2724 notis
1094 2659 1315 2725 'Machousi—

218 2761 325 2843 Hujus
340 2764 501 2825 Machanei
515 2785 539 2826 s.
558 2764 717 2824 Maccauei
732 2762 944 2822 Commentarii
958 2764 986 2820 in
1002 2762 1080 2822 hunc
1094 2762 1229 2822 libellum
1247 2783 1313 2845 pro·
1414 2837 1416 2841 .

217 2860 332 2922 dieraut
341 2864 464 2923 Taurini
475 2885 498 2923 s.
514 2884 542 2925 5.
556 2864 584 2923 15
598 2872 627 2923 4.
637 2883 688 2943 per
704 2862 788 2940 Mag.
805 2862 912 2922 Franc.
927 2860 965 2920 de
977 2860 1072 2921 Silva.
1104 2861 1177 2923 Vid.
1189 2862 1314 2922 Saxium

217 2957 246 3013 in
262 2957 346 3019 Hist.
362 2960 453 3020 Liter.
467 2961 660 3043 Typograph.
676 2960 801 3022 Mediol.
817 2981 884 3041 pag.
905 2976 1054 3019 cccxxv.
1073 2960 1123 3019 ubi
1137 2960 1175 3019 de
1190 2960 1314 3021 Macca-

220 3073 274 3112 neo
288 3057 352 3134 ipso
366 3057 535 3118 videndum.

257 3158 337 3211 1508
359 3152 506 3225 Venetiis,
520 3163 551 3216 8.
574 3154 661 3215 Idem
683 3155 811 3224 libellus,
831 3174 899 3214 curn
921 3150 1017 3210 Plinii
1040 3149 1118 3231 Epp.
1153 3151 1234 3211 Vide
1249 3152 1313 3212 Re-

215 3268 335 3307 censum
348 3257 476 3308 nostrum
490 3249 559 3309 edd.
571 3250 707 3329 Panegg.
722 3251 807 3311 Vett.
820 3271 850 3329 p.
860 3257 950 3310 2483.

257 3352 337 3405 1510
357 3345 541 3423 Argentinae.
563 3345 699 3406 Suetonii
718 3345 886 3426 Tranquilli
911 3345 1045 3407 Illustres
1063 3347 1147 3407 Viri:
1170 3367 1244 3426 quos
1260 3347 1313 3426 qui

218 3443 357 3505 Cornelio
378 3442 493 3524 Nepoti
506 3444 665 3503 vendicant
684 3444 813 3504 maxime
836 3442 912 3513 15111,
933 3443 1108 3505 Alexander
1130 3446 1314 3505 Minutiauus

217 3551 378 3623 praeceptor
392 3541 457 3600 luce
472 3540 581 3600 clarius
590 3541 733 3620 probavit.
775 3540 829 3601 Ad
845 3542 1018 3602 Lectorem:

319 3636 457 3698 Mascula
468 3636 540 3717 quid
550 3638 641 3697 virtus
653 3638 785 3697 animoso
798 3645 915 3718 pectore
928 3641 1030 3719 possit,

358 3734 510 3801 Paruulus
524 3735 571 3795 hic
584 3736 680 3796 codex
696 3736 803 3796 Lector
814 3737 909 3795 amice
922 3735 1020 3796 docet.

318 3831 454 3911 Insignes
466 3832 559 3892 titulis
570 3842 712 3894 monstrat
722 3834 764 3893 is:
787 3853 863 3914 quos
876 3831 1010 3893 Romula
1022 3833 1111 3892 tellus

358 3930 431 3989 Esse
445 3931 521 3990 viros
531 3932 665 4011 peperit:
687 3932 901 4013 posteritasque
915 3931 998 3991 colit.

218 4025 254 4083 In
269 4025 325 4084 fine
336 4028 433 4106 operis
447 4027 550 4087 addita
563 4029 628 4089 haec
641 4037 726 4088 sunt:

319 4123 471 4183 Romanas
484 4125 562 4185 acies
574 4146 731 4205 regumque
741 4125 867 4185 illustria
877 4125 958 4185 facta

358 4221 392 4280 Si
404 4223 487 4301 cupis
499 4223 555 4284 hoc
567 4244 665 4286 summ
678 4224 726 4287 fac
739 4226 828 4288 breve
842 4225 933 4286 lector
946 4246 1029 4306 opus.
