3074 5040
357 353 614 417 suueuusnu.
639 352 749 404 vsuns
774 354 949 404 renuere.
973 357 1058 406 nse.
1081 357 1163 407 xus.
1241 344 1309 410 596,

218 496 362 562 iteseripsi.
374 497 466 549 Sciott.
479 498 597 554 Qaisctsu
609 501 694 545 temen
704 509 745 546 re-
782 509 870 546 ornues
892 510 967 559 pene
983 499 1089 549 ctssseru
1109 500 1260 552 et'hestiusu
1278 511 1306 553 et

147 593 149 597 ¹
218 573 303 624 tinent
314 588 403 624 omues
413 575 505 637 scripti
515 571 656 622 cumeditt.
672 571 744 622 Fuci·
782 573 957 623 Romanorum
966 581 1062 624 tentum
1070 587 1194 628 ncnsxx.
1203 579 1307 630 uarium

217 649 267 699 lius
277 655 318 700 est
332 652 462 714 conjicere
473 664 586 700 errorem
598 648 744 712 esseipsius
782 646 863 698 tuisse
891 646 1028 706 affirment,
1054 649 1165 715 indeque
1193 666 1306 706 errorem

218 728 468 793 auctoris,quiduos
480 727 643 791 insequentes
655 739 745 775 cousu-
782 734 870 774 ustum
892 725 1039 787 credebam,
1059 727 1138 789 quod,
1160 742 1217 778 cusu
1238 733 1306 781 uotis

196 849 198 854 .
217 803 256 853 ies
266 803 424 854 contuderis.
442 803 518 852 Anno
527 803 594 852 enisu
603 803 636 852 U.
647 803 676 851 C.
685 815 745 851 nrt.
781 803 841 852 oiisu
864 802 963 852 numeri
985 803 1201 866 exprimerentur,
1221 820 1307 857 earum

218 879 249 928 C·
269 880 392 930 Lutatius
411 878 462 930 fuit
477 880 574 943 consui,
589 894 655 928 enno
672 892 744 928 nxss.
781 879 978 942 transpositione
990 877 1100 929 infinitas
1114 877 1220 927 mendas
1238 880 1263 929 iu
1278 881 1308 930 u·

220 959 358 1010 Quinctns.
375 959 463 1008 Arate.
781 957 841 1006 bros
860 958 976 1022 antiquos
995 957 1130 1020 irrepsisse
1152 957 1308 1009 didicissem.

252 1035 375 1099 lutatius]
387 1036 492 1085 Eederu
504 1034 596 1084 tabule
605 1041 632 1082 et
643 1034 707 1083 Mes.
715 1032 745 1083 ii·
781 1034 859 1083 Forte
870 1034 994 1097 scriptum
1011 1034 1110 1096 reperit
1129 1034 1249 1085 iibrsrius
1262 1049 1306 1088 cn.

217 1113 259 1163 bri
271 1112 523 1174 siuecscribuut,uti
532 1119 560 1161 et
568 1112 684 1168 Amitcor,
693 1112 745 1160 Ass·
781 1111 919 1174 exscripsit
939 1111 1004 1159 aiius
1026 1124 1106 1173 parsu
1128 1110 1309 1163 immutatione

217 1189 664 1254 sto,Assidot,sbsqueaspirstione;
681 1202 744 1252 quos
781 1201 826 1238 nc.
846 1202 894 1237 uec
912 1188 979 1237 euim
998 1188 1080 1251 major
1098 1187 1178 1250 pestis
1196 1189 1308 1250 optimos

217 1271 329 1321 libenter
339 1286 440 1335 sequor.
460 1270 491 1320 Iu
504 1269 643 1319 Medicina.
654 1277 682 1318 et
693 1282 744 1318 uuo
781 1271 899 1314 suctores
917 1264 1020 1326 insanit,
1038 1277 1113 1327 quatu
1125 1271 1243 1312 notarum
1255 1263 1308 1315 fre·

216 1346 287 1396 Mac.
303 1347 460 1410 prenomine
476 1345 626 1407 obfuerunt,
642 1359 700 1409 que
716 1344 743 1394 iu
781 1355 861 1406 queue
878 1354 945 1390 usus·
956 1341 981 1389 in
996 1341 1110 1389 numeris
1122 1340 1307 1404 exprimendis.

218 1423 334 1472 Romans
348 1423 454 1472 historie
472 1421 527 1471 t'ere
541 1429 663 1484 corrupte
674 1427 743 1471 sunt.
781 1419 838 1468 Nec
850 1426 920 1467 urnto
932 1419 1102 1478 senteutiam
1119 1425 1177 1482 post
1188 1410 1256 1467 euim
1267 1417 1308 1468 iu·

216 1496 337 1548 Scisttsss.
367 1498 670 1548 tuuiusettmsutss
681 1499 745 1548 Mes.
780 1494 831 1544 cidi
849 1495 874 1543 iu
894 1494 984 1543 iibruus
1002 1496 1102 1544 csiamo
1117 1500 1258 1550 exaratum,
1279 1495 1307 1545 ia

217 1574 270 1625 Sed
283 1589 366 1625 sersus
383 1575 537 1638 scripturam
550 1590 595 1624 sno
609 1576 670 1640 jure
688 1576 743 1624 riu·
780 1586 830 1636 quo
843 1585 920 1634 snpre
938 1570 1093 1634 adscriptum
1109 1576 1163 1620 esst
1181 1582 1307 1621 cccc-so·

217 1651 313 1703 dicerit
329 1653 422 1702 Bosius
441 1653 473 1702 ud
491 1654 620 1716 Nepotem
632 1653 743 1704 Hemiic.
779 1649 835 1704 seis.
847 1663 903 1712 (ine
917 1663 957 1697 res
966 1648 1142 1711 conjecturam
1151 1661 1234 1696 meam
1245 1660 1307 1696 eou-

216 1743 274 1792 cep.
285 1733 307 1780 1.
319 1738 346 1779 et
357 1729 435 1791 Pige.
451 1728 520 1778 Anu.
534 1736 594 1778 tom.
612 1742 643 1778 tr.
662 1744 687 1792 p.
703 1733 744 1778 dt.
780 1725 875 1778 tismst.
907 1729 1007 1775 Assone
1018 1740 1064 1788 pro
1076 1724 1212 1773 Himilcone
1229 1723 1306 1775 hebe-

216 1806 331 1868 quamtis
342 1806 386 1855 iiie
396 1804 535 1854 Lectstisuu
553 1804 655 1855 admitti
666 1804 744 1854 etism
782 1803 827 1851 bet
846 1803 913 1852 ideus
932 1803 1087 1865 exemptum,
1105 1809 1135 1850 ut
1149 1811 1176 1851 et
1188 1801 1306 1867 Orosius,

217 1897 294 1947 posse
305 1892 418 1934 censeor.
435 1882 521 1932 unu.
781 1887 808 1928 et
821 1881 915 1942 piacet.
931 1879 1024 1934 Scitott,
1056 1878 1190 1928 Himilcone
1201 1880 1241 1928 ret
1254 1879 1309 1929 Hs·

214 1996 219 2004 Α
251 1959 336 2009 Pss‘ssso
345 1959 437 2009 Patrico
447 1959 519 2023 delio]
536 1960 576 2009 De
588 1975 639 2025 quo
648 1960 744 2010 sioPo·
780 1956 877 2006 ostiense
894 1956 1187 2019 reperiosusinunstris.
1220 1958 1307 2027 Quare

216 2034 303 2100 lybissa
311 2051 319 2084 ε
328 2036 498 2087 Quamobrem
507 2037 549 2086 ubi
558 2038 668 2100 pugnari
675 2051 744 2101 cop.
781 2032 844 2083 licet
854 2035 947 2084 seritur
955 2034 1070 2083 historin
1078 2034 1195 2084 Httttnm
1205 2043 1233 2084 ut
1244 2035 1307 2101 scti-

217 2122 273 2165 tum
285 2109 744 2177 est,confestim‚utpureeat,aito-
781 2108 870 2159 bsursu
882 2113 979 2174 eriget,
990 2124 1041 2159 nou
1060 2119 1145 2159 temen
1161 2127 1235 2161 susus
1251 2127 1307 2162 snus

217 2191 300 2240 menis
327 2199 490 2254 superentur,
522 2197 626 2239 centum
653 2190 745 2254 viginti
782 2188 868 2236 osuuis
877 2196 969 2235 contra
980 2187 1042 2234 utu.
1055 2186 1172 2248 rejicere,
1185 2202 1241 2251 quse
1256 2189 1308 2238 his·

216 2280 297 2317 usses
319 2267 344 2316 iu
365 2281 397 2335 ee
419 2266 745 2330 puguscsrthsgiuieurcs
784 2264 857 2313 torise
882 2263 1013 2312 adsensuri
1036 2262 1198 2312 ridebantur.
1230 2265 1309 2315 Multi

218 2343 345 2392 emisere:
361 2343 450 2392 isaurus
466 2341 745 2408 duedequiuqusgints
782 2339 850 2387 euim
873 2336 1062 2388 ‘Hennonem'
1083 2337 1125 2387 hit
1151 2338 1242 2388 ducem
1270 2338 1308 2390 ss·

217 2432 378 2480 summerre,
395 2417 536 2481 fractaque
547 2428 617 2482 snut,
638 2421 744 2484 retiquae
782 2418 872 2479 ciuut3
890 2415 949 2467 ride
964 2417 1112 2467 Lambiuum
1128 2418 1160 2467 sd
1176 2418 1309 2483 Nepotem

215 2508 280 2545 sero
300 2500 400 2557 ceptre;
425 2492 583 2557 fngientibus
604 2509 637 2544 er
655 2496 745 2560 prseiio
781 2491 963 2557 Humilecup.
977 2499 999 2547 1.
1032 2494 1308 2558 SedprtestatHnsu'i·

217 2570 356 2634 plurimum
371 2569 499 2634 opitulata
518 2578 559 2621 est
575 2573 644 2622 renti
658 2570 745 2624 subita
780 2585 835 2620 core
856 2571 968 2621 scribere
988 2586 1047 2622 cum
1069 2571 1167 2624 duobus
1189 2574 1253 2625 Met.
1273 2589 1307 2624 ex

216 2646 337 2704 mutatio,
353 2647 495 2711 quistatim
513 2654 571 2711 post
583 2646 669 2713 fugans
684 2664 744 2700 cou-
781 2649 855 2699 Lisio
868 2662 928 2699 xxc.
939 2653 977 2698 1⁰.
993 2649 1117 2713 ‘AEgstes
1135 2651 1229 2700 insutas
1242 2651 1308 2718 Ery·

216 2723 308 2780 trerio,
324 2737 400 2787 quem
417 2723 487 2787 prins
505 2724 605 2787 impetu
621 2722 683 2774 flere
695 2740 744 2776 cos·
781 2740 887 2790 esusque
910 2734 971 2777 ente
990 2728 1077 2777 ocutos
1094 2727 1242 2793 proponite,
1258 2741 1307 2781 uec

217 2799 273 2864 pit:
289 2800 377 2865 itaque
389 2801 452 2849 setis
463 2801 582 2864 subistis,
592 2817 693 2853 cursum
704 2818 744 2854 se·
781 2817 845 2865 puer
856 2803 897 2853 hic
908 2802 960 2854 dur
973 2811 1029 2853 erat
1042 2803 1087 2854 sed
1098 2811 1174 2867 peter
1184 2805 1241 2869 ipse
1254 2806 1307 2855 Ha·

217 2875 350 2940 questions
361 2885 524 2932 antevenere,
536 2877 604 2928 etad
615 2879 743 2930 Hierone·
777 2878 887 2928 'mitcsu'
903 2879 961 2939 Huc
973 2880 1072 2929 ratione
1084 2880 1215 2931 dissensus
1226 2882 1308 2945 scrip·

218 2965 283 3007 sum,
295 2952 363 3001 unde
374 2953 445 3016 prius
456 2956 594 3011 soiversut.
608 2970 636 3005 se
653 2971 686 3005 ex
704 2955 743 3006 fu·
781 2961 864 3006 torum
876 2957 925 3006 erit
937 2957 1121 3007 admittendus.
1137 2957 1227 3007 Arate.

217 3044 251 3093 gs
263 3041 431 3093 receperunt:
450 3037 538 3083 consui
551 3042 610 3098 post
625 3034 742 3098 pretium
786 3072 790 3080 ,
815 3032 975 3094 Commotus]
996 3033 1130 3082 Annonam
1151 3040 1307 3082 cestrensem

218 3122 276 3157 uuus
288 3116 343 3158 tote
354 3110 435 3158 siesse
448 3111 590 3172 Lilybaeum
603 3112 693 3171 reditu
706 3112 742 3161 ibi
781 3115 809 3157 et
829 3110 975 3158 libertatem
1001 3108 1145 3172 siguificare
1166 3111 1252 3160 notius
1269 3118 1308 3162 est

216 3184 338 3244 laudetis,
356 3186 507 3253 donatisque
523 3188 654 3244 militibus.
667 3195 744 3238 caete·
781 3197 857 3249 quatu
877 3190 905 3232 ut
919 3186 1093 3234 decisratinue
1111 3185 1236 3251 indigeat.
1251 3188 1307 3240 Mo·

219 3263 743 3328 reiuteutostudiopersequebatur.Cer·
781 3262 850 3312 sios.

217 3338 399 3401 tirsginieuses,
418 3340 461 3388 ubi
476 3348 625 3404 superatum
637 3339 744 3390 Hanno·
813 3339 941 3404 AEgsstu]
959 3341 1066 3407 Polybio
1085 3343 1201 3404 Αἵγονσαι
1218 3347 1308 3409 appel·
1361 3380 1365 3389 ·

217 3427 285 3471 uem,
303 3413 514 3478 profligatumque
535 3415 643 3464 classem
669 3416 744 3466 intel·
781 3417 868 3466 isutur
891 3418 980 3468 insulse
999 3420 1067 3469 inter
1087 3420 1228 3483 Lilybeuus
1242 3421 1308 3470 Sici·

217 3491 418 3555 lexere,praeter
430 3503 503 3552 spem
517 3497 590 3539 tsnts
600 3491 675 3541 cisde
687 3509 745 3553 per·
780 3495 822 3544 iim
846 3499 1048 3558 promontorium
1071 3505 1098 3546 et
1116 3499 1307 3560 Carthsgiuem.

219 3570 296 3633 cussi,
308 3584 358 3634 quo
372 3583 400 3616 se
416 3574 557 3622 verterent,
577 3569 742 3621 nesciebant:
781 3569 848 3617 Vide
860 3570 953 3634 Pomp.
965 3572 1061 3622 Melam
1078 3572 1121 3621 tin.
1138 3587 1169 3622 ιι.
1181 3581 1208 3621 et
1218 3572 1307 3622 sutum

217 3645 251 3697 de
263 3662 312 3713 quo
329 3649 366 3697 its
381 3647 476 3696 Lucius
496 3645 585 3694 Florus
597 3659 664 3693 uouo
676 3645 744 3695 deci·
781 3646 901 3696 italicum
926 3658 1044 3700 extremo
1069 3657 1159 3699 sexto:
1178 3657 1205 3700 ct
1225 3651 1270 3699 un.
1289 3665 1308 3701 r.

218 3737 260 3775 mo
280 3724 324 3774 lib.
340 3724 497 3776 FLuctatius
515 3723 602 3772 consui
626 3722 694 3771 sicta
712 3722 744 3771 ad
782 3723 869 3771 ‘Aret
879 3723 985 3787 AEgstes
997 3725 1099 3779 eboiere
1109 3735 1244 3788 persutusu
1257 3727 1307 3776 De·

218 3799 513 3864 AEgetesiusniasciasse
523 3798 744 3848 Poeunruusduesu
782 3796 879 3848 decus.’
895 3799 987 3849 Sciott.
1020 3801 1136 3850 Fuerunt
1145 3803 1188 3866 qui
1200 3803 1308 3866 AEgudus

217 3875 285 3928 nesto
305 3879 403 3941 posuit:
420 3877 566 3943 petentibus
582 3876 743 3941 Carthagini·
782 3890 885 3939 semper
906 3876 1067 3925 scribendum
1093 3892 1149 3927 esse
1169 3880 1308 3931 contende·

219 3954 322 4006 ensibus
335 3968 383 4016 pax
396 3953 476 4015 dete!
493 3954 574 4004 Moci.
782 3960 851 4012 rent,
870 3953 914 4001 sed
932 3953 1022 4001 horssus
1034 3955 1163 4005 sententia
1174 3971 1222 4006 nou
1234 3971 1307 4023 teque

215 4031 384 4098 subsecutis]
398 4032 450 4081 CC.
461 4033 586 4096 Polybius
598 4039 624 4082 et
635 4046 744 4096 proscx·
781 4030 899 4080 omuibus
922 4030 1028 4095 placuit,
1048 4038 1075 4081 et
1093 4038 1163 4083 secte
1182 4047 1309 4099 repugna·

218 4109 301 4165 restis,
312 4110 493 4171 quadringentis
504 4111 658 4175 Eutropius:
677 4110 745 4161 Oro·
782 4116 843 4158 ruut
854 4109 889 4158 Is.
900 4107 1006 4158 Vossius
1016 4108 1048 4158 sd
1061 4109 1155 4158 Metam
1166 4116 1230 4162 rut.
1242 4125 1309 4176 p0m.

220 4183 271 4231 sius
288 4185 407 4234 trecentis.
438 4183 588 4248 Suspicatus
605 4186 684 4249 igitur
699 4185 745 4235 aii·
782 4189 840 4236 509.
857 4185 950 4234 Bosius
963 4183 994 4234 sd
1008 4185 1106 4250 Nepet.
1123 4186 1235 4240 sttuite.
1249 4180 1307 4257 cap.

221 4261 320 4328 qneudn
334 4276 391 4347 ⁴susu
408 4261 527 4313 mendum
537 4263 661 4329 *subesse
675 4262 744 4329 quod
783 4266 805 4312 1.
817 4269 845 4314 et
855 4262 939 4315 Drsit.
952 4261 985 4314 sd
997 4263 1085 4315 Silium
1102 4276 1122 4316 1.
1138 4268 1179 4315 et.
1194 4268 1281 4320 Arete.
