3074 5040
306 369 371 435 804
653 381 759 433 noun
785 380 989 430 vsnronuu
1014 382 1055 430 ru
1141 424 1143 428 ,

306 535 347 580 ot.
359 532 372 593 t
384 533 408 579 t.
425 533 452 577 et
468 527 591 576 Schottus
608 527 640 574 ud
658 542 715 589 cap.
727 530 769 575 frti.
784 529 836 590 §a
872 522 918 574 uir
934 539 1009 590 quem
1022 523 1131 575 Orosius
1149 522 1285 588 spadonem
1303 520 1366 573 fucit
1382 524 1403 573 l.

305 607 373 657 vell.
387 605 541 655 paterculus
553 617 583 652 ιι.
595 608 620 654 t.
637 606 685 668 it.
702 605 835 654 ‘Interro
872 615 926 651 vrr.
943 616 966 650 e.
987 605 1012 649 2.
1033 601 1193 665 Tranquillus
1216 613 1277 648 vero
1299 599 1403 648 ‘Maxi-

307 688 385 745 gsnte
403 680 507 729 tribuno
519 680 646 736 Carbone.
659 681 720 745 qnid
731 681 764 729 de
775 681 834 730 Tib.
872 676 957 726 mum’
975 677 1102 728 duntaxat
1122 677 1241 726 libertum
1257 676 1326 725 inter
1343 677 1401 739 ejus

306 756 419 807 Gracchi
441 756 513 805 caede
533 755 654 818 sentiret,
676 756 836 820 respondit.'
872 769 1037 818 percussores
1061 763 1189 815 numerat,
1207 754 1233 803 in
1250 754 1402 804 Domitiano

304 832 393 883 Arata.
872 847 930 897 esp.
949 832 1100 883 17.Scbott.
1119 839 1146 882 et
1167 833 1241 882 Grut.
1279 831 1356 881 Unde
1375 833 1403 881 in

339 910 477 970 Nobiscum,
488 908 565 972 iuquit
576 908 711 970 Mauricus,
722 910 836 973 coesnret]
872 909 1061 972 posterioribus
1074 909 1175 974 quidem
1188 908 1248 958 edd·
1265 909 1310 957 illa
1325 909 1403 958 lectio

306 986 449 1051 Respondit
458 987 590 1036 Mauricus
602 986 706 1049 Neron,
716 987 836 1037 Cmnaret
873 985 1015 1034 Petronium
1025 986 1170 1049 Stepbosars
1181 1001 1227 1035 uso
1237 987 1287 1035 ictu
1301 984 1404 1048 profec-

305 1063 491 1113 hicnobireum
502 1063 836 1125 CstullusMessallirtus‚si
874 1068 900 1109 ta
922 1061 965 1117 sit,
984 1077 1025 1111 me
1046 1061 1126 1128 fugin
1151 1069 1222 1112 certe
1244 1063 1270 1111 in
1290 1062 1402 1127 antiquis

307 1153 376 1188 nuno
397 1140 505 1188 vireret.
543 1140 586 1189 Sic
615 1153 677 1201 ergo
705 1140 835 1204 distingue
872 1152 935 1201 ques
957 1138 1068 1202 inspexi,
1092 1138 1206 1189 secunda
1228 1154 1279 1188 vox
1301 1138 1402 1203 uberat,

307 1215 376 1279 npnd
399 1215 512 1265 Plinium
534 1215 559 1264 in
582 1217 693 1278 epistola
713 1218 836 1267 uicesima
874 1202 947 1277 qnod'
954 1222 983 1262 et
994 1215 1027 1264 ab
1036 1216 1142 1279 optimis
1154 1216 1258 1280 scriptis
1269 1216 1403 1266 confirme-

306 1291 420 1341 secunda
437 1291 496 1340 libri
518 1293 621 1356 quarti:
647 1293 737 1346 ‘Quid
760 1300 835 1357 putas
872 1297 925 1352 tur,
944 1297 971 1340 et
989 1305 1004 1340 ι
1021 1293 1058 1340 rei
1078 1293 1206 1353 ueritare3
1223 1306 1279 1341 oum
1302 1293 1342 1341 rel
1359 1292 1403 1340 ills

307 1382 442 1432 parsurum
454 1366 541 1430 fuisse,
553 1368 573 1415 si
587 1368 703 1418 viveret?
720 1378 748 1418 et
759 1370 835 1420 Mau·
872 1366 928 1429 ipss
945 1367 1076 1429 scriptura
1092 1376 1222 1432 repugnet
1235 1369 1322 1417 sensui
1334 1383 1403 1418 com·

307 1444 385 1504 ricus,
398 1442 541 1493 Nobiscum
553 1443 685 1493 coenaret!
706 1444 785 1495 Visst.
871 1444 952 1505 muni,
963 1444 1010 1492 nisi
1025 1444 1166 1508 intelligas,
1178 1445 1204 1493 id
1216 1445 1325 1494 uoluisse
1342 1460 1403 1495 suc·

339 1520 456 1583 §SSed
476 1521 565 1569 milites
585 1522 690 1582 neglecto
708 1523 834 1588 Principe]
872 1526 966 1578 turem,
988 1520 1135 1570 successive
1155 1519 1258 1584 quidem
1284 1522 1402 1586 periisse,

306 1597 349 1647 Fit
360 1611 441 1660 sepe,
452 1604 480 1647 et
496 1611 527 1646 eo
544 1597 634 1648 alludit
652 1598 714 1648 illud
728 1600 835 1650 Senecas
872 1596 918 1646 sed
937 1604 1024 1647 tamen
1043 1612 1095 1646 uno
1114 1605 1213 1646 tuntum
1233 1597 1338 1646 vulnere
1358 1613 1403 1648 ac·

307 1673 340 1722 ds
353 1672 497 1723 Clementis
509 1687 528 1723 r.
542 1678 581 1724 1⁰.
600 1674 675 1724 'Hoc
692 1684 733 1725 ert
750 1677 835 1739 iguos·
871 1679 959 1737 cepto,
970 1681 999 1723 ut
1010 1682 1173 1738 opponuntur
1185 1675 1274 1739 iis‚qui
1283 1688 1332 1737 per
1343 1689 1404 1736 per.

306 1763 376 1814 cere,
396 1764 454 1799 oum
476 1751 544 1800 scios
562 1751 654 1802 multos
673 1751 774 1803 futuros
791 1753 835 1818 qui
872 1756 912 1798 tes
936 1750 1121 1813 lacerarentur,
1142 1751 1209 1815 quod
1229 1751 1315 1800 evenit
1335 1750 1402 1799 Pur·

306 1834 391 1892 prote
403 1827 553 1885 irascantur,
565 1836 592 1877 et
609 1828 657 1878 tibi
677 1830 760 1879 alieno
777 1844 834 1879 sun·
872 1824 970 1889 theuto,
989 1827 1032 1890 qui
1054 1827 1149 1877 demtis
1177 1825 1248 1889 prius
1271 1825 1401 1877 testiculis

305 1904 383 1967 guine
405 1903 602 1966 gratificentnr;
622 1919 672 1954 non
692 1905 755 1954 dare
779 1914 835 1955 tan·
872 1902 960 1965 periit.
992 1903 1090 1953 Verum
1109 1903 1192 1953 ceteri
1204 1916 1306 1967 quoque
1321 1903 1403 1953 histo·

306 1986 361 2027 turn
390 1979 509 2035 salutem,
532 1980 577 2028 sed
608 1980 758 2041 prestare’
791 1984 834 2032 De
872 1978 918 2026 rici
928 1978 993 2028 duos
1003 1978 1161 2029 solummodo
1171 1987 1324 2028 memorent.
1334 1978 1403 2028 Ars·

305 2055 424 2120 Augusto
444 2058 549 2107 Sueton.
567 2058 712 2108 ‘henderit
730 2059 834 2123 qrridem
872 2056 971 2104 imitt-

304 2133 432 2196 pietatem
445 2142 579 2199 tantopere
596 2149 644 2198 pro
656 2151 684 2184 se
701 2136 834 2201 indignan·
906 2131 1030 2198 Casperio]
1048 2133 1091 2183 Sic
1100 2133 1206 2198 vulgati.
1229 2133 1328 2197 Corpori
1339 2132 1404 2183 Mss.

305 2210 387 2277 tium:
414 2221 538 2262 easteruru
559 2220 587 2261 et
605 2213 785 2276 illacrymavit,
806 2221 834 2263 et
872 2209 923 2259 duo
935 2209 1078 2259 inflectunt.
1109 2209 1209 2273 Corpori
1220 2209 1402 2272 Veronaquo

304 2287 388 2336 ricem
416 2302 487 2337 suam
514 2297 671 2354 conquestus
692 2296 742 2346 est,
764 2290 832 2354 qrrod
870 2285 1324 2337 forteClrrirtiunumnomenortum.
1346 2287 1402 2334 Ess-

304 2364 354 2412 sibi
371 2364 418 2412 soli
436 2379 486 2415 non
504 2365 595 2415 liceret
606 2368 694 2416 amicir
706 2376 834 2431 qrrutenns
868 2361 1098 2426 periodugustuns
1109 2361 1190 2411 editio
1202 2361 1290 2411 babet.
1322 2362 1400 2410 ‘Eli-

305 2441 384 2489 reliet
402 2440 558 2496 irasci.'&c.
574 2442 605 2490 de
618 2459 667 2506 qua
686 2453 833 2494 mansuetu·
872 2453 948 2488 sunm
969 2437 1137 2503 Casperium'
1159 2438 1208 2487 Dio
1228 2444 1315 2496 vocet,
1336 2450 1401 2500 prn-

304 2513 373 2575 dine,
386 2529 431 2563 nos
446 2530 496 2564 nou
514 2517 603 2578 inepta
620 2518 652 2566 nd
670 2516 714 2567 illa
726 2518 833 2581 Cupito·
871 2514 967 2566 fectrrm
988 2517 1120 2578 pretorio,
1131 2530 1207 2579 quarn
1227 2514 1304 2563 etiarn
1317 2513 1403 2576 digui-

305 2592 346 2640 nis
359 2592 428 2655 apud
440 2593 557 2642 Tacitum
569 2592 665 2643 Annei.
676 2595 694 2643 l.
704 2608 746 2644 ιιι.
758 2609 781 2645 o.
791 2601 832 2645 tu.
872 2600 952 2642 tatem
962 2593 1010 2641 sub
1023 2592 1169 2642 Domitiano
1181 2591 1297 2653 gesserit
1314 2589 1402 2639 Subot-

304 2668 390 2718 ⁴Suae
402 2670 488 2716 lentus
499 2670 526 2718 iu
538 2685 584 2720 suo
595 2672 685 2720 dolore
696 2681 764 2721 esset
778 2674 834 2722 Cre-
870 2674 918 2718 tus.
943 2669 1098 2730 Corruptunr
1111 2670 1167 2731 lege
1177 2667 1283 2729 segeno.
1307 2665 1401 2728 Xiphi-

305 2758 365 2805 sar;
382 2745 532 2806 reipublice
548 2747 656 2809 injurias
677 2763 710 2798 ne
727 2750 833 2813 largire·
871 2745 936 2794 liunt
947 2745 1108 2795 Domitiano:
1124 2743 1277 2793 Ἐῐίθεηοΐ
1288 2743 1351 2804 ‘tine‘
1361 2742 1402 2793 καὶ

304 2818 366 2869 tur?
384 2819 459 2869 Grur.
871 2820 1074 2871 muromdoswro
1091 2821 1136 2880 τὴν
1151 2823 1233 2887 πρᾶξιν
1248 2820 1372 2886 Παρθένιος
1389 2823 1403 2870 d

336 2896 486 2951 Petronium.
504 2895 659 2963 Siculam]
684 2897 716 2948 'rb
734 2900 834 2964 Steplss·
870 2899 1078 2964 rpirorrosudroi
1091 2900 1130 2950 roi
1141 2892 1403 2966 lmmr(male2ti·

304 2989 361 3024 sum
379 2974 404 3023 in
424 2975 494 3024 nulio
512 2975 573 3024 Mus.
589 2989 724 3041 comparet
742 2993 790 3027 nec
808 2980 833 3029 iu
871 2978 957 3040 προς)
977 2978 1002 3027 ἐν
1020 2979 1055 3042 τῃ·
1075 2976 1197 3043 ιροκοιτῐᾳ
1216 2977 1255 3027 rui
1272 2976 1343 3027 αὐτὸς
1363 2979 1403 3027 ἄν.

304 3052 459 3113 Veronensi,
473 3052 624 3116 Augustuno
637 3064 664 3104 et
677 3056 797 3121 Gryphii,
807 3066 835 3106 et
871 3055 1000 3104 Martialis
1013 3054 1058 3103 lib.
1069 3056 1298 3120 rv.‘Sigeriosqne
1308 3069 1403 3120 meros,

304 3136 394 3181 reete:
413 3130 470 3194 quis
487 3130 555 3179 enim
573 3131 638 3182 duos
656 3147 708 3182 uno
725 3136 779 3184 ictu
796 3135 833 3184 in·
872 3129 1079 3194 Partheniosque
1091 3132 1185 3181 sonas!
1203 3134 1312 3183 Grotius.

303 3211 446 3268 taremptos
469 3207 579 3256 credet?
611 3209 736 3271 Suspicor
756 3225 834 3274 snpra
906 3207 977 3271 Apud
985 3209 1105 3272 populum]
1124 3209 1243 3259 Observa
1253 3209 1335 3259 Liberi
1351 3210 1401 3260 sin·

304 3282 465 3346 adscriptum
483 3283 630 3334 Secundum:
650 3286 762 3351 indeque
781 3286 833 3336 tac·
873 3286 955 3348 gulosi
975 3300 1082 3334 numero
1099 3286 1159 3349 dici,
1170 3293 1197 3336 ot
1209 3293 1236 3336 et
1250 3288 1275 3336 iu
1288 3287 1401 3337 Victoris

304 3367 359 3410 tum
379 3360 517 3424 abaliquo
539 3360 715 3424 ludimagistro
733 3364 834 3427 Stepbo-
872 3361 1021 3411 Gordiano:
1040 3362 1097 3411 uide
1110 3363 1201 3413 Notas.
1229 3364 1311 3413 [inam
1324 3363 1401 3412 tilium

304 3452 370 3499 sam,
381 3437 450 3502 quod
468 3453 525 3487 eum
545 3453 624 3501 supra
641 3440 709 3488 inter
729 3455 833 3504 percus·
874 3438 998 3487 ‘liberos’
1010 3447 1085 3488 vocet
1102 3452 1192 3489 contra
1203 3440 1340 3489 Terentius
1355 3452 1402 3485 nu-

303 3528 376 3567 sores
398 3514 537 3564 Domitiani
564 3516 720 3565 nominatum
748 3532 834 3567 recor·
872 3514 1401 3581 meromultitudinis,Hecyrs,rtcicero

303 3589 420 3641 daretur.
454 3590 534 3656 Atqui
551 3592 665 3642 Zonnrss
684 3607 734 3642 non
754 3595 833 3643 malus
872 3590 905 3641 de
926 3593 1081 3659 Aruspicurn
1105 3595 1253 3659 Responsio.
1278 3594 1401 3644 Schultess.

303 3675 406 3725 suetor,
416 3667 442 3717 in
451 3667 523 3717 cede
531 3668 585 3732 ipsa
595 3668 765 3733 Imperatoris
774 3672 832 3721 Ste-
871 3669 952 3733 [Vide
964 3672 1052 3722 Lectt.
1061 3672 1136 3735 Van]
1169 3674 1243 3722 Licet
1253 3683 1339 3721 antem
1352 3686 1402 3722 rot

302 3746 524 3810 phennmquoque
533 3745 700 3796 interfectum
708 3747 790 3798 refert
799 3749 832 3799 ab
871 3755 879 3806 ξ
887 3756 1011 3812 cooptare
1022 3749 1030 3772 ’
1046 3753 1149 3814 proprie
1161 3756 1264 3815 spectet
1275 3747 1306 3796 ad
1320 3749 1401 3798 colle·

303 3823 400 3887 ignaris
417 3824 610 3887 conjurationis.
644 3825 704 3875 Non
721 3826 801 3888 igitur
818 3840 833 3875 a
871 3825 913 3888 gia
930 3826 1104 3891 sscerdotum‚
1115 3843 1166 3894 quo
1181 3840 1256 3876 sensu
1273 3825 1343 3889 apud
1356 3826 1401 3876 Ci-

303 3901 416 3950 Neronis
439 3900 572 3950 militibus.
612 3902 750 3966 Eutropius
770 3916 832 3951 sane
872 3915 1002 3963 neronem,
1031 3904 1141 3965 Livium,
1169 3902 1318 3953 Suetonium
1346 3900 1400 3952 fre·

302 3977 473 4026 ‘Petronium
496 3978 659 4029 Secundum'
679 3978 832 4042 prefectum
871 3991 952 4040 quens
964 3987 1014 4038 est,
1031 3989 1114 4029 tamen
1128 3995 1175 4044 pro
1186 3981 1311 4043 sdopturs
1322 3980 1401 4030 etism

304 4054 426 4116 pretorio
454 4055 579 4119 nominet,
601 4070 659 4104 cum
681 4056 713 4105 de
737 4057 832 4106 Nerrae
870 4054 937 4102 dixit
956 4053 1101 4117 Appuleius
1122 4058 1402 4120 Mettum-15⁴.

302 4129 498 4179 suxilintoribus
517 4131 549 4179 ad
567 4145 673 4193 regnum
689 4131 832 4196 adipiscen·
870 4131 971 4183 ‘Quem
991 4132 1070 4181 tilium
1094 4136 1224 4198 publicum
1245 4136 1327 4187 omnis
1351 4135 1402 4184 sibl

304 4203 365 4253 dum
376 4205 489 4268 loquitur
500 4207 549 4255 sub
560 4207 660 4257 initium
672 4208 717 4269 lib.
730 4222 791 4259 unt.
805 4217 832 4258 et
870 4208 962 4257 oiritns
977 4211 1109 4274 cooptavit
1120 4209 1138 4261 τ’
1155 4218 1183 4262 et
1193 4211 1228 4262 de
1238 4210 1401 4262 sdntinistrs·

304 4279 474 4332 Parthenion
491 4281 686 4336 interfectorem
704 4286 832 4339 Domitia·
870 4287 941 4341 tions
963 4285 1029 4354 relp.
1050 4292 1187 4358 usurparit
1208 4291 1349 4346 Suetonius
1374 4292 1401 4343 tn

908 4588 911 4593 .
1051 4578 1059 4593 e

894 4616 969 4655 ;Ι·Ιμ“’

904 4658 908 4669 ¹
940 4652 957 4754 ΙΙ
992 4654 1010 4673 Ἰ
