3074 5040
437 391 485 437 uu
509 389 632 437 srxro
656 387 829 438 nunuoro
851 388 1026 438 vrcnonu.
1252 374 1322 441 Ι857

134 523 135 526 “
227 534 353 613 aliisque
367 533 468 611 colligi
482 553 566 613 posse
579 539 677 612 putat,
698 530 845 591 diversum
865 534 954 611 hujus
974 531 1068 592 libelli
1092 540 1239 592 auctorem
1260 554 1322 594 esse

225 631 324 699 abeo,
338 632 389 708 qui
407 630 445 688 de
472 629 638 689 Caesaribus
662 628 789 708 scripsit,
805 628 885 708 quod
905 637 937 688 et
960 627 1085 688 Barthio
1108 612 1263 688 videbatui
1283 630 1322 690 ad

227 727 356 787 Statium
369 726 464 787 Theb.
479 743 545 786 x11.
559 733 628 786 664.
641 726 692 805 qui
703 726 885 804 grammatici
898 727 1092 806 potiusquam
1105 726 1234 786 historici
1248 748 1324 807 opus

225 825 360 904 putabat.
402 823 541 883 Ceterum
567 844 603 882 ea
628 823 747 902 quidem
770 822 848 882 levia
874 831 953 895 sunt,
982 843 1048 903 quar
1075 822 1144 882 huic
1168 825 1322 884 sententiae

224 922 348 1001 opponit
362 919 474 980 Burch.
490 919 625 980 Gothelf.
670 919 806 979 Struvius
827 920 856 979 iu
879 919 949 980 diss.
970 920 1008 979 de
1034 919 1158 998 Origine
1181 919 1321 983 Romana

224 1027 255 1078 et
267 1017 304 1077 dc
316 1039 353 1078 ca
365 1018 562 1099 scriptoribus
577 1037 644 1098 quae
657 1018 765 1077 inserta
776 1026 821 1077 est
835 1017 872 1079 T.
889 1034 944 1078 111.
959 1018 1033 1078 Obs.
1050 1017 1189 1080 Hallcns.
1205 1039 1234 1098 p.
1248 1025 1298 1080 93.

225 1249 276 1308 ue
292 1248 372 1308 rot,
388 1247 561 1308 urorum.
574 1253 601 1306 er
618 1246 667 1306 ne
679 1236 844 1306 maiano
868 1205 994 1318 troezen,
1008 1247 1045 1307 n
1058 1248 1182 1309 annea
1198 1248 1320 1341 sonoro

639 1346 771 1426 primunr
784 1343 891 1404 editus.

265 1500 367 1559 Minus
384 1499 471 1560 hodie
485 1498 594 1577 ambigi
607 1496 693 1567 solet,
709 1495 868 1557 Aurelium
881 1495 1037 1556 Victorem
1055 1518 1155 1558 vemm
1170 1510 1319 1562 auctorem
1420 1552 1422 1556 .

222 1616 285 1656 esse
298 1597 364 1657 libri
377 1597 415 1657 de
439 1596 523 1656 Viris
546 1595 717 1655 Illustribus
738 1594 832 1654 Urbis
853 1593 976 1662 Roman
999 1616 1122 1673 quorum
1143 1598 1251 1677 primus
1274 1610 1320 1661 est

222 1694 346 1765 Proca,‘
372 1716 425 1754 rex
449 1694 648 1765 Albanorum,
677 1692 797 1752 ultimus
822 1692 863 1758 Q.
892 1691 1066 1772 Pompeius.
1109 1693 1173 1754 Hic
1201 1695 1320 1756 libellus

221 1793 328 1872 saepius
341 1793 450 1873 prodiit
462 1793 518 1852 sub
530 1792 646 1851 nornine
667 1788 799 1850 Cornelii
819 1787 962 1868 Nepotis
985 1788 1119 1850 Suetonii
1139 1791 1318 1871 Tranquilli,

221 1889 269 1950 vel
282 1889 377 1949 Plinii
393 1889 521 1949 Secundi
530 1888 666 1967 junioris,
680 1895 714 1946 ut
726 1895 857 1946 notatum
871 1896 927 1956 est,
947 1906 1015 1946 cum
1032 1886 1070 1946 de
1085 1889 1187 1948 horum
1201 1890 1319 1970 scriptis

220 1984 400 2046 dicebamus.
442 1984 547 2044 Prima
558 1984 649 2043 editio
659 1981 776 2042 videtur
787 2003 823 2042 ea
837 2002 903 2062 quae
916 2002 983 2044 cum
994 1982 1089 2042 Plinii
1103 1984 1182 2064 Epp.
1197 1986 1225 2044 in
1240 1985 1317 2046 Ger-

221 2084 318 2142 mania
331 2105 353 2144 s.
370 2082 390 2142 l.
401 2092 432 2142 et
445 2103 472 2142 a.
486 2082 604 2162 prodiit,
620 2082 747 2162 repetita
760 2079 815 2139 illa
829 2078 964 2160 Neapoli
979 2086 1069 2142 1476.
1112 2081 1217 2141 Media
1243 2084 1318 2144 inter

220 2180 274 2239 has
287 2189 331 2239 cst
343 2180 472 2239 Florent.
483 2187 572 2242 1474.
584 2186 615 2242 8.
630 2200 680 2260 ap.
693 2178 761 2238 Jao.
774 2175 812 2236 dc
827 2176 942 2257 Ripoli.
986 2176 1049 2235 His
1060 2180 1202 2257 proximas
1215 2180 1317 2239 viden·

202 2293 207 2305 ⁸
220 2286 268 2336 tur
280 2298 353 2348 esse,
364 2297 430 2357 quar
446 2276 610 2336 Mediolani
628 2277 683 2336 sub
697 2274 810 2335 AEmilii
825 2275 919 2334 Probi
933 2284 964 2333 et
978 2273 1073 2334 Plinii
1086 2277 1201 2335 numine
1215 2299 1238 2335 s.
1254 2278 1274 2336 l.
1288 2287 1319 2338 at

220 2391 248 2429 a.
261 2379 290 2430 4.
303 2370 433 2451 prodiere
448 2369 540 2450 (apud
556 2369 680 2429 Saxium
695 2389 762 2450 pag.
777 2371 919 2439 nexui.)
941 2387 993 2447 per
1014 2368 1105 2448 Casp.
1130 2368 1316 2450 Lampugua·

220 2488 300 2537 uum,
314 2468 441 2527 Petrum
458 2466 612 2537 Melicum,
627 2474 658 2525 et
675 2465 802 2526 Petrum
820 2464 994 2525 Cornerum.
1036 2463 1100 2524 Sub
1121 2459 1218 2525 Plinii
1232 2488 1318 2547 porro

219 2566 334 2624 nomine
344 2564 456 2623 editum
469 2564 611 2622 habemus
620 2562 796 2641 Argentiuae
809 2571 973 2623 correctum
986 2582 1076 2642 opera
1099 2562 1195 2622 Henr.
1209 2563 1316 2627 Mono-

146 2680 151 2688 ·
218 2664 277 2722 ceri
291 2683 318 2722 a.
334 2669 421 2722 1505.
435 2672 467 2722 et
483 2660 593 2721 editum
608 2681 660 2741 per
668 2660 736 2720 Jac.
751 2659 950 2730 Guttesheim,
969 2660 1021 2739 qui
1036 2660 1066 2718 ia
1080 2660 1163 2741 prrci.
1177 2660 1262 2733 dicit,
1285 2685 1317 2724 se

218 2770 286 2819 ante
301 2760 416 2839 aliquot
430 2780 521 2819 annos
541 2759 741 2819 enarrationes
752 2755 895 2839 quasdam
916 2758 947 2817 ia
967 2758 1046 2818 huuc
1069 2745 1203 2817 libellum
1225 2780 1315 2821 excu-

218 2856 304 2916 disse.
348 2856 385 2915 Iu
413 2858 503 2917 nostri
526 2857 656 2946 exempli
679 2856 766 2916 titulo
791 2857 908 2937 scripsit
934 2857 1057 2936 antiqua
1082 2876 1196 2926 manus,
1225 2868 1318 2939 ‘opus

220 2946 312 3010 (loru.
336 2952 478 3032 Nepotis,
495 2955 613 3032 judicio
639 2955 771 3034 magistri
796 2953 875 3014 Her.
903 2953 1050 3013 Barbari!
1092 2952 1157 3012 Sub
1183 2953 1317 3016 Suetonii

218 3047 335 3106 nomine
350 3050 461 3128 prodiit
473 3050 553 3131 Lips.
569 3060 659 3115 1507.
673 3061 703 3112 4.
726 3073 794 3113 cum
818 3051 979 3111 Machanei
1001 3051 1085 3110 uotis.
1129 3050 1233 3130 Hujus
1246 3053 1315 3112 Ma·

217 3143 322 3201 chauci
335 3166 359 3203 s.
376 3146 532 3206 Maccauci
544 3147 757 3209 commentarii
771 3150 802 3207 in
814 3149 891 3207 hunc
904 3147 1037 3206 libellum
1050 3145 1184 3225 prodiere
1194 3148 1315 3212 Taurini

216 3259 242 3298 s.
257 3257 285 3298 a.
300 3240 330 3298 in
344 3247 373 3298 4.
384 3261 435 3320 per
449 3242 534 3319 Mag.
551 3245 657 3305 Franc.
671 3244 709 3305 de
724 3245 818 3305 Silva.
857 3242 931 3303 Vid.
947 3242 1070 3302 Saxium
1082 3244 1112 3301 in
1127 3242 1211 3304 Hist.
1224 3244 1314 3305 Liter.

217 3334 405 3416 Typograph.
418 3336 544 3399 Mediol.
555 3360 584 3420 p.
597 3357 771 3403 cccxxxv.
782 3341 832 3400 nbi
842 3340 880 3399 de
896 3340 1062 3399 Maccaneo
1072 3341 1135 3418 ipso
1144 3341 1315 3405 videndum.

218 3428 295 3489 Post
316 3430 443 3508 Argent.
462 3438 551 3495 1517.
567 3441 597 3492 4.
611 3452 678 3492 cum
693 3433 794 3493 iisdem
809 3434 893 3493 notis.
934 3431 1010 3491 Tum
1025 3453 1092 3492 eum
1107 3433 1205 3493 Duaci
1223 3442 1314 3497 1582.

216 3526 311 3587 edidit
320 3528 416 3588 Andr.
445 3527 599 3590 Schottus:
620 3541 728 3590 etcum
741 3532 806 3609 ejus
818 3540 849 3589 et
863 3531 1023 3590 Machanei
1037 3530 1156 3590 scholiis
1169 3540 1235 3611 post
1247 3554 1314 3613 prc-

217 3623 274 3701 diit
293 3624 430 3686 Francus.
446 3631 534 3685 1609.
556 3626 577 3685 l.
595 3627 760 3707 praemissus
777 3626 915 3688 Cornelio
935 3626 1059 3707 Nepoti.
1101 3627 1156 3687 Ab
1168 3629 1316 3709 aliquibus

217 3722 352 3782 Tacitum
366 3721 379 3757 ⁴
402 3722 547 3803 proditum
560 3744 622 3784 esse
636 3733 785 3783 auctorem
799 3723 889 3783 relert
898 3723 1051 3804 Gyraldus
1071 3724 1246 3804 dialogismo
1265 3734 1314 3789 26.

249 3901 392 3966 ‘Georgius
418 3903 551 3952 Cassander
579 3902 603 3951 in
631 3917 675 3952 sua
697 3902 748 3951 edi-
813 3901 975 3951 dFatendum
1008 3911 1055 3964 est,
1086 3913 1208 3953 auctorem
1239 3907 1314 3956 multa

216 3966 291 4021 tione,
313 3983 383 4030 quarn
404 3968 476 4016 Plinii
496 3968 593 4016 nomina
620 3968 749 4032 inscripsit,
782 3967 845 4016 illius
862 3966 964 4016 fideliter
982 3977 1098 4031 repetere.
1133 3971 1222 4018 Passim
1241 3974 1311 4020 ctiam

216 4040 265 4079 tres
287 4033 387 4089 addidit,
409 4035 450 4096 qui
473 4043 529 4082 ants
546 4035 647 4083 Procnm
666 4035 748 4094 tuare3
782 4047 797 4081 a
813 4033 949 4095 spartiano,
964 4048 1011 4097 qur
1028 4048 1076 4089 res,
1095 4051 1142 4097 qua
1160 4037 1239 4099 rerba,
1260 4053 1312 4084 mu-

216 4095 361 4160 Evandrum,
393 4098 514 4162 Latinum,
546 4109 571 4145 et
603 4098 744 4147 Ascanium:
780 4098 1312 4167 turri,notatumaCusaubouoestadSpar·

217 4159 276 4207 alios
294 4161 350 4208 item
371 4178 456 4210 novam
472 4164 498 4211 in
515 4172 622 4213 extremo
633 4165 696 4223 libri,
707 4165 749 4230 qui
782 4164 841 4233 tiam
852 4163 997 4214 Hadrianum
1009 4179 1064 4230 cup.
1077 4168 1099 4214 1.

216 4226 326 4290 Pompeii
336 4235 406 4277 state
416 4228 555 4281 flomamut.
