3074 5040
212 350 279 417 864
537 364 741 414 nannenus
758 364 975 415 nnrrroauu

212 512 278 570 vius
292 503 451 590 Vopiscus,
467 506 658 568 Herodianus
670 507 825 569 Politiano
835 508 942 591 interp.
955 508 1026 568 Sex.
1039 510 1182 572 Aurelius
1189 512 1309 587 Victor,

212 608 398 687 Pomponius
419 605 530 677 Laetus,
547 605 598 666 lo.
614 605 754 686 Baptista
773 607 929 684 Egnatius,
952 607 1132 671 Ammianus
1154 609 1308 671 Marcelli-

211 725 265 763 nus
278 714 404 784 quatuor
417 702 500 763 libris
515 711 628 763 auctus.
670 702 747 762 Cum
775 702 930 764 Indicibus
950 705 1085 785 copiosis.
1128 706 1255 768 Basileae
1277 709 1307 770 in

210 799 328 861 officina
352 800 549 870 Frobeniann,
573 820 649 859 anno
678 816 868 862 MDxxxrrr.
917 800 1074 881 Repetite,
1100 815 1243 882 quantum
1268 805 1308 866 ad

191 921 193 924 ·
210 899 367 979 scriptores
379 907 504 969 nostros,
518 918 556 957 ex
569 896 617 957 ed.
627 903 718 955 1518.
761 895 838 976 Ejus
851 897 1019 977 exemplum
1032 908 1077 959 est
1089 920 1180 981 penes
1192 922 1255 962 nos.

251 1027 291 1040 -
312 994 449 1064 Parisiis,
463 1002 493 1053 8.
515 993 553 1053 C.
568 992 688 1052 Plinius
703 989 804 1067 (Sext.
818 992 896 1056 Aur.
909 994 1030 1074 Victor)
1044 996 1081 1056 de
1095 996 1180 1057 Viris
1193 998 1307 1061 lllustr.
1397 1032 1401 1040 ·

211 1092 369 1153 Suetonius
381 1090 419 1151 de
433 1090 600 1150 Grammet.
613 1099 645 1150 et
654 1089 782 1150 Rhetor.
823 1089 923 1152 Julius
941 1091 1117 1173 Obsequens
1138 1094 1176 1155 de
1197 1095 1306 1157 Prodi·

210 1191 274 1269 giis.
315 1189 410 1269 Apud
422 1187 505 1249 Rob.
520 1187 715 1268 Stephanum.

251 1290 330 1343 1536
350 1282 423 1342 ibid.
438 1289 468 1341 8.
490 1279 589 1341 Iidem
603 1279 697 1340 libelli
709 1279 827 1360 repetiti
840 1280 920 1360 apud
933 1281 1016 1344 Rob.
1032 1281 1227 1363 Stephanum.

248 1387 329 1443 1537
350 1379 486 1449 Parisiis,
500 1387 529 1439 8.
552 1378 589 1439 0.
605 1377 700 1437 Plinii
720 1377 788 1438 Sec.
803 1376 903 1452 (Sext.
923 1379 999 1440 Aur.
1015 1378 1159 1458 Victoris)
1173 1382 1211 1442 de
1225 1382 1307 1444 Viris

210 1477 381 1538 Illustribus
393 1477 480 1535 liber.
522 1475 657 1536 Suetonii
678 1473 845 1554 Tranquilli
864 1475 902 1535 de
926 1475 1023 1536 (liaris
1048 1477 1258 1541 Grammaticis
1275 1491 1308 1542 et

210 1573 487 1636 Rhetoribusliber.
527 1570 602 1631 Julii
618 1570 818 1650 Obsequentis
830 1570 1039 1651 Prodigiorum
1060 1572 1135 1633 liber
1152 1575 1306 1655 impersec·
1351 1579 1359 1593 ‘

209 1681 265 1732 tus.
307 1671 406 1731 Paris.
420 1690 458 1729 ex
472 1667 547 1730 offic.
563 1667 645 1728 Rob.
659 1667 815 1749 Stephani.

250 1775 329 1828 1539
349 1768 422 1829 ibid.
437 1774 467 1827 8.
490 1765 634 1826 C.Plinii
649 1765 749 1841 (Sext.
773 1765 851 1827 Aur.
871 1764 1016 1845 Victoris)
1032 1766 1070 1828 de
1091 1767 1173 1828 Viris
1186 1767 1303 1835 lllustr.

207 1886 275 1930 cum
296 1867 420 1930 Sueton.
436 1865 473 1926 de
488 1862 655 1924 Grammat.
674 1873 705 1933 et
721 1862 851 1926 Rhetor.
872 1873 903 1924 et
921 1863 985 1926 Jul.
1001 1865 1113 1946 Obseq.
1127 1864 1206 1948 apud
1220 1865 1304 1928 Rob.

209 1963 402 2046 Stephanum.

247 2069 327 2123 1541
348 2061 483 2131 Parisiis,
507 2069 537 2122 8.
573 2060 612 2120 0.
636 2058 732 2124 Plinii
758 2059 861 2136 (Sext.
888 2058 966 2119 Aur.
989 2059 1134 2138 Victoris)
1158 2061 1196 2122 de
1221 2062 1304 2124 Viris

208 2157 322 2220 Illustr.
343 2180 409 2219 cum
433 2159 555 2219 Sueten.
578 2157 615 2216 de
634 2156 830 2217 Grammatic.
852 2164 884 2215 et
902 2156 1029 2216 Rhetor.
1047 2167 1083 2224 xet
1100 2158 1165 2220 Jul.
1189 2160 1303 2241 Obseq.

207 2256 287 2337 opud
297 2257 380 2316 Rob.
397 2256 590 2336 Stephanum.

246 2362 328 2416 1542
349 2353 497 2434 Lugduni,
509 2361 540 2416 8.
563 2353 649 2416 Sext.
663 2350 741 2413 Aur.
764 2348 872 2409 Victor
892 2349 930 2408 de
951 2349 1033 2410 Vitis
1046 2351 1209 2424 cesarum,
1223 2353 1302 2435 opud

208 2451 387 2534 Gryphium.

245 2585 287 2596 -
308 2548 448 2618 Basileon,
471 2557 501 2608 8.
523 2548 609 2609 Sext.
637 2547 715 2606 Aur.
738 2545 846 2606 Victor
866 2542 904 2603 de
926 2543 1011 2603 Viris
1034 2543 1215 2618 Illustribus,
1240 2552 1300 2611 διο.

206 2648 285 2726 apud
299 2645 507 2707 Cratandrirm.
549 2645 625 2706 Vid.
639 2644 808 2706 Recensum
821 2651 949 2702 nostrum
963 2639 1032 2702 edd.
1046 2641 1299 2722 Panegyricorum

207 2742 363 2812 Veterum,
376 2763 406 2821 p.
421 2748 511 2802 2488.

244 2846 325 2899 1543
346 2838 482 2910 Parisiis,
496 2846 526 2899 8.
548 2837 634 2900 Sext.
655 2836 733 2897 Aur.
747 2835 854 2899 Victor
867 2834 904 2895 de
925 2833 1001 2895 Vita
1021 2842 1053 2893 et
1074 2832 1210 2895 Moribus
1230 2836 1300 2897 Cae·

205 2957 312 2999 sarum.

244 3041 325 3096 1544
345 3033 484 3104 Parisiis,
506 3039 536 3094 8.
558 3052 607 3113 ap.
629 3030 712 3094 Rob.
737 3033 930 3114 Stephanum.
981 3027 1147 3110 Trebellius
1173 3032 1296 3101 Pollio;

205 3132 327 3194 Flavius
339 3132 499 3212 Vopiscus,
520 3150 589 3192 cum
605 3130 727 3209 Egnatii
740 3127 991 3197 annomtionibuu
1014 3127 1100 3188 Sext.
1125 3129 1202 3190 Aur.
1225 3129 1300 3191 Vic-

203 3240 268 3299 tor;
283 3229 443 3311 Pomponii
455 3228 529 3288 Laeti
545 3225 762 3308 compendium
775 3226 919 3287 Historiae
928 3223 1090 3295 Romanae3
1107 3227 1252 3306 Egnatius
1261 3226 1299 3287 de

204 3327 397 3408 Principibus
423 3324 743 3387 Romanorum-His
765 3331 901 3405 separato
921 3322 1070 3384 volumine
1096 3325 1200 3386 eodem
1222 3343 1297 3385 nuno

203 3427 328 3491 accessit
337 3423 515 3484 Ammianus
529 3421 732 3489 Marcellinus.

241 3556 283 3566 -—
303 3521 376 3582 ibid.
389 3528 418 3581 8.
441 3521 479 3582 C.
494 3519 589 3579 Plinii
614 3519 715 3596 (Sext.
739 3518 815 3580 Aur.
838 3517 984 3594 Victoris)
1010 3516 1048 3577 de
1075 3516 1160 3577 Viris
1183 3514 1296 3575 lllustr.

200 3634 268 3677 cum
297 3618 419 3677 Sueten.
439 3617 477 3678 de
501 3616 636 3679 Gramm.
657 3626 687 3677 et
705 3616 831 3678 Rhetor.
853 3625 884 3676 et
906 3613 971 3676 Jul.
992 3615 1104 3693 Obseq.
1117 3611 1196 3693 apud
1210 3611 1294 3671 Rob.

203 3714 395 3795 Stephanum.

240 3819 321 3872 1545
342 3810 479 3882 Parisiis,
492 3818 531 3871 4.
546 3809 630 3871 Sext.
645 3808 723 3872 Aur.
737 3810 867 3874 Victoris
880 3809 917 3869 de
931 3809 1014 3870 Viris
1027 3806 1195 3878 Illustribus
1207 3805 1294 3876 liber,

201 3908 339 3990 Philippi
366 3909 526 3989 Praepositi
553 3908 713 3969 Poncherii
735 3907 951 3968 commentariis
974 3906 1145 3964 illustratus.
1198 3904 1295 3967 Paris.
1375 3951 1376 3954 .

200 4024 249 4085 sp.
263 4006 311 4067 lo.
328 4003 404 4068 Lud.
415 4006 780 4087 Tiletanum.-Repetita
800 4010 889 4065 1550.
931 4001 1006 4061 Vid.
1031 3999 1219 4081 Hnmberger
1237 4001 1258 4064 l.
1273 4002 1293 4062 l.

199 4099 237 4162 Τ.
250 4117 287 4161 rr.
303 4123 370 4181 pag.
386 4110 457 4165 817.

239 4231 280 4244 -
300 4197 371 4260 ibid.
386 4206 415 4259 8.
442 4198 527 4259 [dem
542 4200 662 4262 libellus
674 4199 754 4282 apud
768 4198 849 4262 Rob.
864 4196 1060 4279 Stephanum.
