3074 5040
228 353 293 418 092
575 361 683 413 uuum
706 360 907 408 vunrouuu
933 359 976 437 ru

229 512 302 560 nius:
322 518 349 559 et
359 510 397 561 M.
408 509 508 563 Curtio,
524 516 552 556 ut
569 508 624 569 ipse
641 506 754 555 oratioue
789 504 914 555 Similiter
930 503 1082 567 ‘provincia
1106 501 1186 551 Asia’
1204 505 1319 554 occurrit

231 596 288 649 port
301 588 409 636 reditum
421 587 446 633 in
459 594 549 632 senatu
562 583 679 632 affirmat.
702 584 753 633 Ac·
790 579 858 644 apud
876 580 962 630 Tacit·
975 580 1043 629 Anu.
1054 593 1119 629 xtrr.
1130 584 1172 628 ts.
1191 590 1219 629 ct
1231 581 1319 644 ugrtc.

228 662 333 712 cidebat
344 671 429 710 autem
442 668 470 709 ut
483 675 546 708 uuus
563 669 675 720 quaestor
691 660 754 708 dito·
789 671 812 706 c.
824 661 848 706 d.
877 656 912 705 Et
923 656 1021 705 cestius
1032 655 1151 705 lectionis
1163 656 1239 718 liujus
1252 658 1319 705 rari·

229 756 285 789 rum
297 748 435 803 prelorum
447 745 524 787 esset.
552 737 673 787 Nicolaus
685 736 753 786 Gru·
790 741 829 782 ιιι
839 733 1005 782 confirmatur
1021 746 1053 780 aa
1069 732 1145 780 Floro
1158 745 1195 781 ιι.
1208 737 1233 781 2.
1250 737 1264 796 ι
1277 736 1319 782 ta.

194 834 199 859 ι
229 815 398 865 citiusrr.da
416 813 541 862 Cuntitiis.
574 814 680 875 Duplex
693 826 753 860 vero
789 811 833 873 qui
851 808 941 858 scribit
961 808 1090 857 Caesarem
1112 807 1222 868 Gallias,
1244 809 1320 859 Cras·

229 892 255 940 in
273 891 361 940 Sicilia
380 899 492 955 quaeator
512 896 585 936 erat:
605 903 669 937 tinus
686 889 754 952 Lily·
788 902 843 934 sum
864 884 985 935 ‘Asiam’
1007 886 1127 934 invasisse
1150 887 1319 950 provinciam,

229 968 356 1027 butanus,
379 969 446 1016 alter
467 967 641 1029 Syracusanus
660 965 753 1015 dictus.
789 979 923 1028 perquam
937 965 1037 1029 Syriam
1054 979 1110 1014 esse
1124 964 1319 1026 intelligendam

228 1042 395 1098 Plutarchus,
408 1043 503 1090 Ascou.
521 1040 661 1101 Pedianus,
673 1051 701 1090 et
712 1041 754 1090 Ci·
789 1050 892 1092 constat
903 1057 935 1091 es
949 1042 1015 1090 uitii
1028 1042 1099 1106 Epit.
1111 1042 1154 1091 lib.
1165 1056 1208 1092 cv.
1225 1043 1319 1093 ‘ema

228 1136 288 1170 cern
300 1134 347 1183 pru
359 1119 476 1175 Plancio,
488 1118 599 1166 Verriua
609 1118 671 1166 libb.
682 1131 715 1166 rr.
726 1126 754 1167 et
790 1133 818 1167 so
828 1119 906 1183 Syria
917 1126 944 1167 at
956 1118 1106 1168 Parthicum
1118 1119 1225 1180 bellum,
1235 1121 1318 1169 Caesa·

230 1211 281 1246 vu.
297 1197 391 1245 semu.
415 1194 753 1252 Latiusluecumuia,uude
790 1196 810 1244 ri
839 1196 925 1244 Gallia
952 1202 981 1244 at
1007 1194 1148 1245 Germania
1172 1192 1320 1245 dabantur!

229 1289 276 1324 sua
293 1273 378 1321 hausit
396 1272 528 1325 Schottuu
546 1278 643 1319 tractat
664 1270 754 1318 Fabri·
789 1273 875 1321 Arata.

229 1356 285 1399 cius
299 1350 324 1396 in
336 1347 439 1396 Histoe.
451 1348 533 1396 Cicer.
544 1361 570 1408 p.
581 1350 622 1395 69.
637 1348 723 1395 Arsia.
825 1352 902 1413 Opera
910 1348 991 1412 hujus]
1009 1348 1158 1414 Lugendum
1166 1351 1258 1412 opinor
1266 1365 1320 1414 ομ.

261 1425 357 1472 Proelor
365 1421 486 1484 Cilicium]
501 1421 680 1470 Fuiturlsanus
690 1436 754 1484 prae·
789 1442 824 1476 ω
834 1428 912 1490 lajas,
923 1443 973 1492 qua
986 1429 1019 1477 de
1038 1428 1136 1477 ravido
1153 1429 1241 1491 Sigon.
1259 1443 1319 1490 sup.
1334 1488 1341 1494 ι

230 1511 273 1549 sor
288 1499 319 1548 Α.
333 1498 367 1547 U.
382 1499 413 1548 c.
432 1511 577 1547 ucxxcvn.
596 1499 681 1546 aetatis
699 1511 755 1547 xm.
790 1509 848 1554 aaa.
865 1505 931 1569 Syll.
965 1507 1043 1568 opera
1060 1506 1131 1566 laius
1148 1505 1257 1567 intelligi
1273 1505 1320 1554 (ιο.

228 1578 345 1628 Ciliciam
355 1590 416 1625 reru
428 1575 583 1639 provinciam
594 1575 754 1624 consularem
792 1581 837 1631 uit
852 1582 885 1630 de
904 1583 935 1630 P.
953 1582 1061 1631 clodio:
1079 1582 1125 1629 sed
1137 1581 1190 1630 tale
1202 1581 1263 1642 quid
1276 1581 1321 1631 vix

229 1652 675 1720 privatussorteobtiuuituectualt
684 1653 715 1701 U.
724 1652 753 1701 C.
792 1659 891 1722 patitur
903 1658 1040 1708 verborum
1053 1672 1133 1706 nexus
1147 1673 1154 1716 ;
1171 1657 1258 1719 itaque
1269 1671 1321 1706 uun

228 1732 314 1781 etatis
338 1744 394 1780 nvi.
422 1740 530 1781 auctora
553 1729 705 1791 Plutarcho,
726 1736 754 1777 et
791 1733 1197 1797 immeritolucusltaberiqueat
1214 1746 1322 1795 astupeo.

230 1807 618 1869 Cic.adA1tie.Epist.v.lo.
637 1806 669 1854 td
682 1804 755 1854 Fam.
792 1819 833 1860 tus
855 1810 888 1860 de
912 1812 1013 1860 mendo.
1032 1811 1131 1860 Gruter.
1165 1809 1259 1872 Neque
1278 1809 1326 1859 hic'

229 1889 308 1934 itud·
343 1884 435 1949 Itaque
454 1892 552 1945 ittaelor
568 1882 610 1931 hie
629 1897 679 1931 non
697 1897 754 1931 eum
791 1888 862 1938 locus
874 1888 1082 1949 mediciuuesset,
1100 1901 1158 1935 cum
1174 1885 1222 1945 ltic,
1240 1887 1320 1935 etiam

229 1961 366 2025 signifieat,
384 1962 427 2026 qui
443 1960 618 2024 jurisdictioni
637 1961 662 2008 in
682 1959 754 2009 Urbe
792 1967 812 2015 si
829 1967 943 2016 solitarie
962 1975 1082 2028 ponatur.
1094 1979 1145 2013 uon
1157 1962 1188 2011 ad
1203 1964 1320 2025 proxime

229 2038 389 2104 pinctus&
399 2038 441 2102 qui
451 2052 508 2086 eum
521 2036 626 2098 imperio
636 2045 754 2084 extraor·
792 2044 941 2106 praecedens
950 2041 995 2091 sed
1008 2041 1039 2089 ad
1053 2040 1158 2090 ulterius
1177 2036 1266 2087 referri
1279 2053 1320 2087 su·

230 2115 331 2164 dinariu
357 2114 382 2162 in
409 2111 566 2174 provinciam
592 2111 683 2159 missus
705 2118 755 2166 est,
790 2120 852 2168 legi,
886 2118 1081 2181 Exempiavide
1100 2116 1166 2180 apud
1182 2116 1320 2165 Burmann.

230 2187 482 2252 Gilit'lffllflf‘lli‘·
494 2187 587 2236 smil·
604 2186 755 2248 nemis·
792 2194 825 2244 ad
838 2195 964 2246 Quinctil.
981 2194 1045 2242 lost.
1063 2208 1094 2243 ιι.
1111 2200 1136 2242 6.
1154 2202 1182 2242 et
1199 2193 1270 2242 Cort.
1286 2192 1320 2241 ad

230 2266 380 2316 nificatione
394 2266 465 2314 rucis
481 2263 599 2327 praetoria
610 2276 687 2326 supra
703 2262 755 2324 egi·
791 2269 996 2332 siliu21.,iug,e,
1007 2273 1102 2332 ¹⁸·i9·
1125 2269 1220 2318 Simili.
1231 2278 1271 2317 eat
1282 2269 1319 2316 io.

230 2344 537 2406 muse.68.§2.drulz.
791 2361 836 2396 cus
853 2347 922 2396 Flnri
941 2361 960 2396 ι.
974 2346 1158 2410 midde
1176 2347 1208 2394 da
1224 2346 1319 2408 Spurio
1370 2385 1379 2393 .

263 2421 277 2483 ι
293 2426 309 2468 d
326 2420 415 2468 Pisone
426 2424 450 2468 et
463 2419 578 2483 Gabinio]
597 2419 627 2468 Ia·
645 2418 755 2478 Calpur·
793 2424 894 2487 quidem
907 2425 1059 2487 supplicium
1072 2432 1147 2487 paler
1159 2424 1241 2485 ipsius
1252 2437 1321 2471 sum·

230 2496 288 2545 nius
307 2497 367 2546 Piso
387 2497 518 2546 Caesonius
537 2506 563 2544 et
581 2497 612 2544 Α.
630 2496 756 2546 Gabinius
793 2501 837 2549 sit.
871 2499 948 2548 Hunc
965 2500 1082 2550 Quinctii
1102 2499 1236 2549 dictatoris
1248 2502 1320 2562 iupe-

230 2573 350 2622 cuusules
366 2573 392 2621 in
412 2574 495 2621 Pastis
507 2572 661 2634 Capitolinis
677 2571 756 2618 uomi-
794 2577 832 2624 rio
851 2576 876 2624 in
895 2575 978 2623 medlo
994 2573 1052 2624 loro
1069 2576 1190 2638 magister
1205 2576 1329 2640 equitum·

231 2656 326 2697 uantur
336 2662 411 2708 auno,
422 2650 447 2697 ni
459 2647 544 2703 fallor,
556 2661 656 2696 ncxcv.
672 2647 757 2696 Scint-
793 2653 916 2704 Servilius
938 2652 1021 2702 Ahala
1042 2651 1178 2700 confodit!
1211 2654 1239 2702 Si
1264 2653 1323 2715 Syl.

231 2728 279 2772 ltu·
795 2730 878 2791 burgii
890 2730 1039 2792 conjectura
1054 2728 1224 2789 reciperetur,
1236 2731 1320 2791 potius

264 2799 430 2849 Macedonium
451 2799 589 2863 delatisque]
614 2800 672 2849 Hoc
700 2802 758 2850 loco
794 2806 894 2855 Noster
907 2805 1053 2869 scripsisset
1069 2802 1138 2863 laius
1151 2816 1237 2867 operte.
1254 2805 1322 2855 Aru·

231 2880 353 2930 Scitottus
365 2895 411 2942 pro
421 2880 588 2944 Asinus,quod
600 2891 657 2930 erat
670 2885 694 2931 iu
706 2882 758 2931 Ma.
795 2884 904 2935 laenius.

233 2965 384 3018 reposuerat
400 2956 503 3020 Syrium,
513 2958 581 3021 quod
599 2960 701 3007 scilicet
715 2975 758 3008 ex·
825 2962 865 3023 §5
888 2959 969 3021 Ultro]
987 2957 1053 3007 Nam
1067 2957 1321 3024 praeterquamquod

231 3035 360 3084 intimaret
378 3035 452 3083 nimis
470 3035 589 3096 generale
610 3036 672 3084 illud
693 3040 774 3085 esse·
794 3035 937 3084 Dolabellas
949 3035 974 3082 id
993 3035 1089 3096 negotii
1107 3034 1223 3085 dedisset
1234 3037 1322 3086 Caesar

215 3137 220 3152 ·
231 3111 282 3159 Sed
294 3119 379 3159 tamen
391 3127 422 3160 eo
434 3113 510 3161 modu
520 3113 657 3162 emendare
670 3127 757 3162 ueces-
794 3114 885 3174 victor,
897 3120 924 3160 ut
936 3111 967 3159 ad
983 3113 1133 3161 Ciceronem
1144 3113 1280 3173 scriberes,
1292 3120 1322 3162 ut

232 3201 260 3236 se
281 3201 331 3236 non
351 3195 401 3246 est,
419 3201 476 3236 cum
498 3203 547 3237 unu
571 3190 652 3238 solum
674 3190 759 3252 Syris,
793 3202 868 3252 quam
894 3190 1000 3250 primum
1023 3189 1047 3237 in
1071 3189 1174 3238 ltaliam
1203 3191 1320 3250 rediret;

233 3279 320 3313 rerum
333 3272 360 3313 at
371 3265 428 3313 alite
438 3265 506 3313 Asiae
520 3268 637 3328 regiones
645 3266 758 3316 Gabinio
793 3267 849 3329 ipse
861 3265 948 3314 literas
960 3268 992 3315 ad
1009 3281 1067 3314 eum
1078 3282 1111 3315 ex
1122 3266 1232 3332 AEpyplo
1245 3266 1322 3327 misit,

232 3340 330 3390 fuerint
346 3341 490 3404 attributa,
502 3353 530 3391 ut
547 3351 649 3394 constat
664 3356 697 3393 ex
715 3344 758 3393 Ci·
793 3352 822 3390 ut
844 3351 914 3391 esset
935 3343 1012 3407 idem,
1030 3343 1073 3407 qui
1095 3341 1194 3392 fuisset.
1229 3343 1321 3391 Cicero

233 3433 284 3467 cer.
296 3431 344 3481 pro
353 3419 439 3466 Domo
450 3433 473 3467 c.
483 3422 525 3468 2³.
541 3420 639 3468 ‘Alteri
649 3420 759 3483 Syriam,
793 3418 826 3468 ad
851 3420 923 3468 Fam.
943 3421 988 3470 tiu.
1012 3435 1074 3470 xiv.
1094 3421 1201 3485 epistola
1224 3420 1270 3468 ult.
1292 3426 1321 3466 et

231 3494 403 3558 Babylonem,
414 3495 508 3544 Persas
523 3496 701 3560 integerrimas
715 3512 759 3558 pa·
793 3506 860 3546 orat.
879 3512 925 3559 pro
944 3499 977 3550 Q.
1000 3499 1108 3561 Ligario.
1141 3496 1208 3544 Vide
1226 3493 1319 3557 Epad

232 3572 425 3635 cstitsimasque
437 3581 526 3634 gentes
543 3573 574 3620 ad
587 3571 757 3636 diripientium
793 3575 875 3624 Attio.
888 3575 931 3625 lib.
943 3589 983 3625 ιιι.
996 3584 1107 3624 extrem.
1125 3571 1216 3621 Scltutl.

234 3648 383 3699 tradidisses
393 3652 410 3698 ε’
428 3659 456 3698 ut
467 3664 518 3698 uon
529 3650 620 3698 mirum
631 3649 674 3709 sit,
686 3651 706 3697 si
720 3659 757 3699 ta·
824 3654 865 3716 §d
882 3653 985 3702 Formiis
991 3646 1131 3715 quiesceret]
1149 3648 1191 3697 Ita
1203 3655 1230 3696 et
1240 3647 1320 3698 Euss-

234 3728 283 3776 lem
306 3727 461 3790 provinciam
488 3726 606 3775 ‘Asiam'
633 3727 759 3790 appellet,
794 3727 851 3778 bins
871 3731 896 3777 in
918 3728 1060 3777 Chronicis.
1093 3722 1135 3771 Ad
1154 3723 1270 3771 Caietam
1293 3725 1320 3773 in

168 3795 170 3801 ’
233 3803 361 3868 quomodo
383 3805 473 3853 Cicero
496 3804 613 3853 Ciliciam
640 3800 760 3853 ‘Asiam’
795 3799 1321 3864 sillasua,iuquitValeriusMemursbi·

234 3880 300 3929 dixit
321 3881 354 3929 sd
371 3881 461 3932 Quint.
482 3881 565 3931 Fratr.
589 3883 672 3944 Epist.
693 3896 711 3930 ι.
735 3885 758 3930 l.
794 3881 855 3929 lium
874 3894 893 3928 ι.
911 3884 936 3927 t.
955 3885 982 3925 et
997 3876 1167 3925 Plutarchus:
1185 3866 1330 3940 Appiauus'

229 3958 336 4009 tuum
348 3971 420 4018 cura,
432 3966 460 4006 ut
471 3960 512 4008 liic
524 3972 604 4008 annus
614 3959 657 4023 qui
673 3958 704 4006 ad
722 3958 760 4007 la·
794 3971 855 4006 vero
877 3955 909 4002 ad
933 3954 1047 4015 Capuam
1077 3953 1210 4003 Ciceronis
1234 3955 1321 4004 villana

235 4032 323 4083 ltorem
344 4044 413 4082 tuum
432 4036 549 4099 accessit,
562 4035 629 4085 idem
647 4035 679 4084 sd
692 4035 758 4084 salu·
794 4031 922 4080 collocat:
941 4031 1000 4076 iude
1013 4043 1040 4077 se
1054 4043 1070 4077 a
1085 4030 1165 4078 serris
1181 4031 1276 4080 lectita
1287 4032 1320 4081 ad

230 4117 288 4164 ,tem
300 4108 370 4158 alsine
386 4119 537 4173 prorogatus
554 4126 610 4160 este
626 4111 761 4171 rideatur;
794 4122 863 4157 mate
886 4104 983 4154 deferri
1001 4106 1087 4168 jussit.
1121 4105 1192 4156 ldetu
1216 4108 1321 4157 Plutar-

231 4187 353 4248 ιιιιιοιιίιιιι
375 4187 400 4234 iu
424 4194 450 4236 ta
472 4187 607 4236 retinendo
628 4185 679 4236 fuit
697 4187 760 4236 Asia
794 4186 854 4235 cltut
872 4183 958 4247 plures
975 4196 1065 4231 curtos
1084 4181 1322 4251 intaussaauspicta

232 4257 348 4325 scilciet,
368 4275 443 4328 quam
470 4276 517 4315 uus
543 4260 761 4315 maledicendo:
794 4261 899 4313 dedisse
910 4260 955 4311 ait.
971 4258 1063 4310 Scisslt.
