3074 5040
169 363 234 429 802
378 409 383 423 .
515 373 920 426 unanvuurounuru

202 527 216 589 1
231 527 247 571 6
263 522 333 570 Mora
353 517 482 581 Caligula]
501 520 530 567 C.
551 532 700 583 praenomen
737 518 804 568 cium
817 518 957 568 Antonium
969 516 1115 568 Germaniae
1127 515 1265 582 precidem

172 601 269 650 adurunt
282 599 348 647 Mra.
361 597 487 647 Eusebio·
496 612 558 646 vero
568 596 701 646 Chronicia
737 594 879 652 interiecit,
890 595 931 659 qui
945 597 1038 643 ballum
1053 595 1128 644 civile
1139 592 1268 644 moveram

171 676 346 727 Domitianum
357 675 467 738 primum
479 673 527 722 aibi
540 675 645 723 Domini
656 688 700 722 no·
741 672 822 721 Viuet.
842 672 961 721 Poatulut
974 680 1122 734 susceptum
1136 673 1267 734 negotium

171 770 232 822 meu¹
241 753 385 802 vindicaaac
400 752 437 801 ait
447 766 528 815 snpra
536 765 559 801 c.
569 757 593 800 ³.
610 752 701 800 Schott.
738 757 767 798 nt
778 764 837 814 quae
848 750 872 797 in
885 749 1015 798 veteribua
1027 748 1215 812 exemplaribus
1226 763 1267 798 ra·

166 824 326 881 'Praenomeo
339 830 437 878 addunt
455 835 483 878 et
502 829 583 878 noatri
600 827 701 892 acripti.
737 830 793 893 pari
813 828 880 878 bona
901 827 951 878 lida
976 838 1170 894 representem,
1188 831 1267 882 etiam

174 908 260 959 Anu.
738 921 796 971 quae
808 906 936 964 damnem,
948 916 976 956 ut
989 908 1045 957 aliia
1062 908 1139 957 etlam
1151 922 1213 958 eura
1222 907 1268 958 da·

204 981 348 1046 Segniopne]
367 979 403 1030 At
415 995 494 1045 quare
512 981 592 1043 regula
602 980 645 1047 qni
657 981 702 1029 ho·
739 990 782 1032 tur
794 999 880 1033 verium
892 985 1067 1047 earculpendi.
1090 985 1171 1049 [Vide
1183 985 1269 1037 Loctt.

172 1075 214 1110 rea
232 1059 372 1121 diligenter
389 1057 461 1120 operi
481 1057 603 1107 faciundo
620 1056 703 1120 publi·
740 1058 818 1122 Var.]
844 1060 929 1122 Hujua
940 1067 1031 1109 noman
1045 1061 1070 1110 in
1082 1061 1269 1111 Suetoniouon

171 1138 258 1200 ciaquc
275 1135 385 1197 negotiis
404 1133 508 1197 agendii
524 1135 703 1197 partiebatur?
740 1143 836 1192 exalat,
853 1136 902 1184 niai
920 1136 989 1200 quod
1004 1136 1138 1199 cujusdam
1152 1135 1269 1186 Norbani

173 1209 435 1262 Laerin.'l'oareutiua
455 1210 480 1258 iu
499 1210 650 1260 Suetonium
670 1210 704 1259 da
741 1215 891 1263 conaulatua
907 1213 1024 1263 meminit
1041 1204 1151 1264 Vitellio
1168 1228 1228 1278 cap.
1245 1216 1271 1264 8.

174 1286 278 1349 ingenio
288 1286 404 1350 atyliaquc
413 1284 548 1334 tentabata
566 1300 641 1351 quam
652 1287 705 1335 lac·
740 1289 789 1339 Ille
802 1304 862 1339 uero
875 1291 904 1339 L.
913 1286 1041 1339 ¹Antonine
1052 1290 1204 1339 Saturnium
1215 1289 1270 1339 dic·

174 1365 270 1415 tionem
283 1366 379 1411 utinam
392 1360 573 1412 confirmarent
591 1364 648 1412 libri
662 1377 706 1412 vc·
742 1373 793 1425 tur,
812 1366 837 1414 iu
858 1379 934 1429 quem
955 1364 1040 1428 lepide
1062 1367 1123 1414 luait
1139 1365 1270 1415 Martiali·

174 1451 238 1491 trea.
273 1441 355 1489 Favet
378 1440 450 1499 aetia,
472 1440 541 1489 alode
559 1442 615 1488 haec
636 1447 705 1490 tran·
743 1441 974 1505 epigramm.
991 1441 1083 1490 Sclott.
1108 1441 1271 1492 Crediderim

175 1519 275 1580 scripta
286 1524 357 1576 aunt,
367 1517 465 1583 Tranq.
482 1516 541 1567 cod.
564 1524 572 1546 ‘
584 1517 707 1576 Mnacaa,'
742 1520 804 1568 vitio
816 1519 976 1568 librariorum
988 1517 1014 1566 in
1026 1525 1087 1566 nota
1103 1518 1205 1568 Schotti
1218 1518 1271 1581 legi

175 1595 273 1658 lnquit,
291 1594 419 1656 ‘captare
438 1608 469 1643 ac
487 1594 554 1658 atylo
575 1603 707 1657 praeacuto
742 1595 886 1652 Antoniana,
899 1609 956 1644 cum
967 1594 1088 1643 Antoniae
1097 1608 1153 1642 eane
1165 1594 1272 1658 debeat,

175 1669 328 1734 configere?
344 1674 402 1720 ol·
424 1669 543 1720 Solottua.
580 1669 707 1735 signoque
743 1682 771 1722 ut
784 1675 826 1722 rel
841 1688 874 1722 ex
892 1673 947 1734 ipro
964 1671 1093 1720 Martialis
1111 1670 1169 1719 loco
1187 1677 1272 1732 patet.

175 1749 235 1799 add.
246 1758 272 1797 et
285 1762 359 1796 manu
372 1747 472 1796 exarati
483 1746 560 1796 codd.
577 1747 663 1798 Amo.
744 1749 883 1799 Norboaann
892 1762 979 1797 aarum
989 1762 1047 1796 aare
1059 1747 1134 1810 hojua
1142 1746 1215 1797 duola
1224 1761 1270 1798 no·

208 1827 222 1889 ς
245 1829 259 1874 l
286 1821 455 1887 Κλινοπάλην]
487 1824 619 1873 Martialia
646 1825 706 1889 Epi·
744 1839 802 1875 men
819 1824 899 1874 docet
918 1822 1046 1874 Martialis
1064 1824 1154 1887 Epigr.
1171 1837 1212 1873 rx.
1228 1828 1272 1875 81.

178 1917 285 1965 gramm·
297 1901 340 1950 lib.
352 1915 411 1950 xiv.
423 1901 467 1965 qui
484 1908 510 1949 et
529 1902 584 1964 ipae
596 1901 707 1951 Domiti·
743 1903 786 1968 qni
799 1902 831 1951 de
842 1902 891 1953 hoc
903 1901 986 1952 bello:
1005 1901 1088 1949 ‘Cum
1107 1910 1151 1951 tua
1167 1903 1271 1951 aacrila·

176 1980 218 2028 aui
235 1979 358 2042 aqualia:
383 1978 465 2027 ‘Non
481 1992 539 2025 amo
558 1977 601 2040 qni
618 1978 709 2042 vincit,
745 1994 789 2043 goa
801 1990 902 2043 contra,
914 1978 1046 2036 Norbana,
1060 1977 1170 2034 furores.
1181 1979 1273 2029 Staret

179 2055 226 2103 aed
245 2056 288 2118 qui
305 2054 473 2103 anccnmbera
490 2054 623 2110 uariunt
642 2055 707 2103 didi·
745 2071 793 2120 pro
820 2056 923 2107 domino
947 2056 1051 2106 Caeaare
1075 2063 1165 2104 rancta
1191 2053 1275 2105 hdea.'

177 2133 215 2182 cit
226 2133 318 2180 melius
328 2129 374 2189 τὴν
388 2127 597 2189 mammutium?
614 2131 707 2182 Schott.
744 2135 831 2182 Arutz.

209 2214 258 2276 §8
282 2213 438 2278 Reapoaaum]
463 2212 488 2261 Α
506 2212 584 2260 Vibio
605 2212 708 2275 Criapo,
776 2210 840 2271 §ll
865 2206 997 2271 Stephnao]
1023 2208 1198 2261 Procuratorc
1218 2210 1274 2260 Do·

177 2289 455 2352 dacujuajociaetiam
469 2287 624 2351 Xiphilinna.
642 2288 708 2336 Rur·
744 2284 853 2331 mllilltt·
878 2283 985 2334 Sueton-
1002 2288 1079 2335 ult.
1104 2287 1219 2335 Zonaraa
1236 2286 1275 2334 lu·

177 2381 232 2415 anm
256 2367 327 2414 locua
350 2365 393 2414 hic
412 2366 518 2414 mutilua
537 2372 578 2414 eat
596 2373 624 2414 et
641 2367 708 2414 male
746 2358 885 2410 terfectum
899 2360 946 2423 ait,
958 2367 1062 2424 patrata
1073 2361 1145 2411 caede
1163 2362 1276 2426 tyranni,

178 2442 392 2498 consarcinatum
406 2441 552 2489 addendum
567 2442 635 2489 enlm
653 2447 708 2490 crat
746 2439 779 2486 ab
797 2438 827 2487 iia
847 2439 890 2502 qui
909 2438 1093 2500 conjurationis
1110 2439 1207 2487 conacii
1224 2454 1275 2489 non

175 2532 295 2567 acmanto
310 2517 403 2579 quidem
420 2517 469 2565 elai
485 2519 548 2579 opud
562 2519 708 2580 pulaeatrum.
745 2525 837 2567 erant:
855 2517 887 2566 de
907 2517 956 2566 hoc
973 2514 1020 2564 tus.
1037 2529 1060 2564 c.
1077 2520 1117 2565 12.
1135 2515 1273 2566 clodiano·

178 2594 254 2644 Quod
278 2594 299 2642 ai
323 2607 372 2641 non
398 2594 524 2656 impetro;
552 2593 708 2655 unuapouu
745 2610 808 2644 varo
824 2592 1008 2644 cornicularium
1030 2591 1096 2651 luit3
1115 2592 1147 2640 de
1165 2607 1216 2657 qno
1233 2592 1274 2643 ol·

178 2671 296 2736 qondam
316 2685 371 2718 euaa
388 2684 463 2719 nemo
478 2684 527 2717 non
542 2669 628 2718 videt:
646 2668 707 2733 quia
745 2673 804 2722 flcio
814 2672 919 2720 militari
932 2671 1020 2719 dicere
1036 2669 1139 2718 memini
1151 2670 1183 2717 ud
1197 2671 1275 2721 Viroa

180 2749 248 2796 euim
266 2748 296 2795 iia
316 2762 375 2811 quaa
395 2747 427 2795 dc
446 2745 554 2795 libidine
571 2746 709 2809 interjecta
745 2750 832 2799 llluat.
840 2749 865 2796 iu
875 2747 976 2795 lEmilio
985 2747 1091 2796 Scauro.
1109 2747 1151 2794 De
1160 2748 1277 2799 Domitio

179 2833 251 2884 aunt,
262 2822 420 2885 respondet?
438 2822 559 2873 Sebottua.
592 2823 658 2872 Poat
671 2839 709 2873 re·
745 2834 773 2876 et
785 2823 881 2874 Paride
891 2823 1015 2872 histrione
1030 2823 1136 2888 ejusque
1149 2825 1276 2891 discipulo

179 2914 288 2964 apouanm
309 2899 440 2948 uoluntate
462 2898 579 2948 codicum
602 2899 709 2949 verbum
745 2903 884 2953 Suetonina
897 2916 972 2964 capp.
985 2904 1008 2950 1.
1019 2908 1046 2951 et
1059 2904 1098 2950 ill.
1117 2901 1211 2952 Schoit.

180 2976 369 3027 aubatantiuum
381 2982 416 3025 cat
428 2976 577 3040 abjecimna.
595 2976 681 3027 Arata.
778 2981 792 3044 §
806 2984 836 3028 1³
856 2977 958 3044 Effer-ri]
977 2979 984 3008 ‘
997 2978 1050 3027 Per
1061 2980 1218 3042 reaplllonca
1230 2992 1276 3043 po·

214 3055 228 3119 §
242 3057 259 3103 9
275 3051 397 3116 Scortum]
413 3054 468 3103 Pro
479 3067 559 3117 puero
571 3054 710 3105 meritorio.
746 3056 828 3121 pulani
840 3055 991 3119 sandapila:
1009 3063 1037 3103 et
1051 3066 1157 3105 aenetua
1168 3056 1276 3105 eraden·

181 3133 419 3184 UtiturSuetonina
431 3132 646 3197 quoqnavitallio
655 3148 678 3183 c.
687 3138 711 3183 1.
747 3134 793 3184 dou
821 3133 915 3197 ubique
943 3132 1042 3187 tituloa.
1071 3132 1276 3196 abolendamque

182 3218 211 3260 et
221 3210 313 3258 Victor
324 3216 413 3259 noater
423 3208 457 3258 da
467 3209 538 3258 Viria
548 3208 647 3259 lllnatr.
662 3210 710 3260 Ca·
747 3226 848 3263 omnam
859 3211 1007 3261 memoriam
1019 3209 1156 3260 decrevit!
1170 3209 1279 3260 Sueton-

183 3295 254 3336 tooe.
268 3286 361 3335 Scholt.
382 3286 425 3335 Sic
436 3295 484 3340 art.
496 3300 546 3357 non
559 3301 624 3336 noua
636 3287 711 3336 Prin·
747 3304 826 3355 capp.
839 3293 879 3338 11.
891 3297 919 3337 ct
930 3291 970 3338 2⁸.
995 3287 1089 3337 Schott.
1121 3287 1156 3337 Et
1176 3287 1276 3352 Lipaiua

182 3364 269 3424 cipum
285 3364 362 3426 pariit
380 3363 413 3411 ob
429 3362 563 3413 verborum
582 3365 711 3414 licentiam
748 3367 781 3417 de
792 3365 991 3430 Amphitheatro
1002 3379 1025 3414 c.
1037 3369 1078 3414 21.
1094 3363 1180 3415 Arutz.

183 3436 314 3488 effrenem.
348 3440 415 3489 suut
431 3441 499 3489 enim
517 3441 712 3506 moltiluanla,
781 3446 839 3508 §lt
856 3443 978 3493 aeuum
996 3440 1057 3504 luda]
1069 3440 1224 3504 computata
1235 3453 1276 3489 ra·

184 3517 227 3580 qni
241 3514 556 3579 pertarautomuutanda
574 3532 605 3567 ac
622 3516 711 3568 uefau·
749 3519 819 3570 tione
840 3527 985 3582 temporum
1003 3517 1036 3565 ab
1058 3530 1132 3570 anno.
1154 3527 1205 3563 non
1226 3530 1277 3578 quo

184 3595 226 3656 da,
236 3594 282 3643 aed
294 3608 323 3641 ea
337 3603 421 3643 tamen
431 3593 524 3643 deiude
532 3595 610 3644 eiiam
620 3597 713 3646 nolunt
750 3597 875 3646 Claudius
887 3596 1012 3658 proxime,
1023 3592 1068 3640 aed
1081 3605 1131 3654 qno
1143 3589 1275 3652 Augurina

185 3670 348 3733 exprobrari,
369 3677 413 3719 ant
440 3670 534 3733 objici:
565 3671 712 3735 exemplum
748 3674 808 3722 olim
819 3672 948 3722 ediderat.
975 3671 1080 3718 Sueten.
1091 3681 1148 3727 cap.
1158 3670 1184 3716 4.
1201 3667 1279 3718 Taci-

184 3755 274 3797 exarat
301 3747 458 3797 luculentum
483 3747 551 3811 apud
574 3747 712 3799 Ariatotel.
749 3748 894 3798 marinoni.
907 3746 951 3794 lib.
964 3757 1039 3793 anau
1051 3742 1081 3791 liu
1091 3742 1214 3791 iurentina
1231 3743 1277 3794 ad·

139 3817 144 3823 ’
185 3825 356 3875 Politicorum
369 3838 395 3872 v.
406 3828 446 3873 lo.
458 3825 501 3874 nbi
514 3825 661 3874 Ambraciae
673 3832 713 3890 ty·
748 3824 827 3874 fniaaa
855 3822 946 3873 acriblt
973 3817 1117 3868 cacerdotio
1154 3820 1278 3872 amicali

185 3914 267 3949 ranno
279 3900 378 3949 iuaidiaa
390 3907 459 3957 anut,
475 3898 714 3962 uitulaminum
750 3900 896 3966 praeditum,
917 3903 976 3959 pout
998 3901 1145 3958 praetorem.
1178 3896 1278 3947 Dolen-

184 3977 246 4037 uera
263 3980 312 4026 τᾶν
328 3980 445 4040 uvinda,
464 3979 580 4041 iperium
596 3977 676 4034 αὑτὸν,
693 3976 715 4028 el
749 3976 810 4025 dum
822 3988 884 4022 vero
896 3972 984 4025 libror,
994 3970 1086 4034 quibua
1104 3986 1144 4020 rea
1160 3972 1278 4038 imper..

186 4054 232 4113 11η
241 4053 266 4115 ἐξ
277 4054 349 4102 αὐτοῦ
359 4053 417 4104 κύει.
435 4057 509 4105 Gne.
750 4053 815 4102 toric
833 4046 978 4098 Domitiani
1000 4048 1154 4109 comperuit.
1174 4050 1280 4102 interci-

220 4131 288 4194 §10
309 4132 455 4188 *Norbanum
471 4131 587 4196 Appiam]
614 4132 716 4196 Lupiam
749 4128 828 4179 duae.
861 4123 952 4175 uuum
968 4121 1019 4187 hie,
1031 4124 1133 4188 opinor,
1144 4126 1193 4177 luit
1205 4130 1238 4179 U.
1248 4127 1280 4180 c·

189 4206 327 4255 Norbanum
340 4207 432 4255 acribia
446 4217 521 4259 veina
538 4210 630 4259 oodeu.
665 4210 715 4260 Dio
751 4215 885 4257 rooccxnr.
903 4198 996 4251 &totu
1028 4200 1149 4253 Gravia·
1168 4204 1201 4256 ad
1217 4206 1281 4258 Sua·

189 4281 315 4333 ‘Luciam
329 4281 488 4335 blaximnm'
504 4293 592 4352 vocat,
602 4286 647 4353 qni
662 4285 716 4338 La·
753 4277 1079 4336 continuationum.
1094 4279 1181 4333 Arata.
