3074 5040
186 356 252 425 862
515 370 710 420 aecensus
734 334 963 421 animosum·

288 513 379 596 Quod
391 514 528 575 breveeit
539 513 691 594 quamvis:
714 512 845 592 iugentia
855 511 988 592 pondera
998 530 1094 571 rerum

327 611 470 672 Continet
478 619 509 670 et
521 618 651 671 veterum
663 609 754 670 fortia
761 609 843 670 iacta
856 611 960 670 vimm.

186 710 325 771 Julianus
343 708 458 768 Bescns
468 706 599 768 studioso
611 707 719 768 iuveni
731 706 764 768 S.

114 821 118 829 “
287 806 350 874 Qui
363 805 447 887 cupis
459 814 528 865 acte
540 806 634 865 virum
648 804 793 865 olaromm
804 823 922 864 noscere
935 803 1053 884 paucis:

325 901 397 963 Jam
409 903 519 984 prrociu
531 921 623 983 parvo
635 900 685 962 iac
694 922 769 983 opus
782 900 860 961 istud
874 920 964 960 emas.

287 997 442 1059 Maximus
450 998 568 1078 iugenio
583 997 757 1057 Macanreus
768 996 846 1056 huuc
858 995 1008 1077 explicat:
1030 994 1078 1054 At
1091 1015 1168 1055 nunc

327 1094 443 1155 Limam
457 1095 630 1177 impressori
642 1115 690 1155 me
703 1094 848 1154 tribuente
863 1093 952 1171 legas.

187 1191 327 1273 Sequitur
346 1192 471 1274 epistola
499 1191 566 1252 ί.Ιο.
584 1190 639 1252 Το.
663 1190 785 1252 Sertorii
809 1190 1015 1250 cremonensis
1033 1188 1072 1248 nd
1099 1187 1281 1248 Generosum

187 1287 368 1350 Miobatlem
375 1287 460 1348 Pali.
470 1286 681 1369 Apostolicum
690 1288 954 1349 Protbonotarium
966 1287 1162 1347 Mecaenatem
1170 1306 1253 1346 suum
1264 1286 1283 1344 :'

186 1396 218 1447 et
231 1386 387 1467 posthanc
406 1387 480 1444 ista:
502 1383 701 1466 ‘Impressum
723 1384 888 1463 Argentine
912 1404 963 1465 per
985 1383 1153 1443 Jobannem
1177 1382 1282 1442 Knub·

186 1482 275 1543 lauch
289 1484 380 1541 Anno
393 1480 505 1542 domini
516 1498 555 1541 Μ.
571 1499 605 1542 1).
621 1499 656 1542 x.
671 1480 720 1541 die
730 1489 869 1561 sequente
884 1480 997 1541 Vitalis
1008 1479 1283 1559 martyris.’-—Hac

176 1581 235 1642 .ed.
249 1601 318 1641 usus
329 1589 375 1641 est
386 1580 436 1641 Jo.
456 1579 537 1640 Frid.
561 1579 725 1650 Grunsrus,
745 1578 841 1641 editor
864 1577 913 1638 ed.
937 1584 1025 1640 1757.
1069 1576 1185 1636 Praeter
1206 1576 1283 1637 Vic-

186 1677 258 1739 toris
270 1686 384 1738 tortum
396 1677 531 1739 continet
544 1677 634 1737 etiam
645 1674 736 1737 Dom.
752 1674 913 1736 blacbanei
928 1673 1060 1735 Scholia.

228 1780 308 1835 lona
328 1773 530 1861 Argentorati,
545 1781 575 1834 8.
597 1772 732 1834 Suetonii
750 1771 919 1852 Tranquilli
939 1771 1026 1832 Liber
1047 1769 1213 1831 Illustrinm
1222 1768 1283 1828 Vi·

186 1870 476 1942 rotome-Inferius,
497 1880 564 1952 post
575 1871 695 1931 brevem
707 1868 918 1930 allocutionem
938 1867 977 1929 ad
999 1868 1149 1937 lectorem,
1163 1887 1283 1928 carmen

187 1969 336 2049 sequitur:
358 1968 535 2030 ‘Romanae
553 1968 654 2039 acies,’
677 1972 737 2029 dcc.
751 1965 831 2048 quod
845 1964 885 2026 ad
903 1985 950 2027 an.
973 1972 1062 2026 1510.
1088 1964 1283 2028 laudavimus.
1393 1982 1395 1986 ⁴

187 2062 269 2125 Haec
278 2066 368 2126 etiam
381 2063 429 2126 ed.
442 2066 576 2126 continet
587 2064 747 2127 Macbauei
761 2062 893 2125 Scholia.
916 2062 954 2123 Iu
968 2060 1038 2134 fine,
1052 2071 1119 2144 post
1128 2062 1284 2143 epistolam

188 2158 321 2234 Sertorii,
346 2162 385 2223 de
406 2182 467 2243 qua
485 2183 585 2244 supra,
609 2163 674 2224 brac
700 2162 828 2243 ascripta
847 2170 931 2221 suut:
968 2159 1192 2238 ‘Argentorati
1233 2160 1283 2218 Ex

68 2258 73 2265 “
187 2257 301 2318 adibus
324 2258 462 2319 Matthia
489 2258 650 2331 Schurerii,
674 2279 774 2320 mense
796 2258 932 2319 Octobri.
974 2257 1067 2321 Anno
1088 2275 1128 2319 Μ.
1153 2275 1186 2318 u.
1201 2274 1283 2318 xus.
1321 2242 1323 2253 ¹

188 2354 347 2433 Regnante
375 2353 556 2437 Imperatore
591 2355 800 2417 Maximiliano
823 2354 866 2415 P.
894 2354 931 2416 F.
958 2353 1231 2433 Auge-eontulit
1253 2362 1284 2412 et

186 2450 264 2512 hauc
278 2450 441 2513 Grunerus.
1320 2458 1323 2463 ’

227 2555 307 2611 1516
328 2548 474 2623 Venetiis,
485 2550 601 2612 Aldina
615 2566 638 2611 1.
661 2549 792 2628 Egnatii,
804 2550 837 2610 8.
858 2549 943 2610 Sext.
958 2548 1035 2609 Aur.
1051 2547 1184 2609 Victoris
1203 2567 1223 2606 a
1241 2545 1283 2606 D.

188 2645 307 2707 Gmsare
321 2644 507 2729 Aug.'usque
518 2645 764 2708 adTbeodosium
778 2655 927 2728 excerpta
972 2640 1105 2725 Eutropii
1122 2642 1159 2703 de
1181 2642 1284 2704 Gestis

188 2743 280 2806 Rom.
294 2745 362 2806 libri
377 2763 412 2806 x.
455 2744 559 2806 Paulli
572 2744 702 2804 Diaconi
723 2743 790 2805 libri
810 2761 889 2805 vrri.
911 2745 950 2804 ad
965 2743 1102 2823 Eutropii
1117 2741 1284 2802 Historiam

188 2840 294 2905 additi.
336 2842 472 2902 Venetiis
492 2842 522 2900 in
543 2839 656 2900 edibus
678 2839 754 2902 Aldi
771 2850 802 2901 et
820 2839 950 2901 Andreae
971 2841 1083 2902 Soceri.
1125 2838 1199 2899 Una
1215 2861 1284 2900 cum

189 2937 339 3000 Suetonio.
380 2936 456 2999 Vid.
474 2935 644 2997 Recensum
658 2944 787 2996 nostrum
801 2937 869 2997 edd.
884 2937 1017 2998 Suetonii
1032 2944 1205 3019 pag.1794.

227 3042 307 3098 1517
328 3035 533 3115 Argentorati,
547 3040 577 3095 4.
599 3032 686 3094 Sext.
708 3032 785 3094 Aur.
806 3032 914 3093 Victor
935 3034 973 3094 de
994 3035 1078 3095 Viris
1104 3035 1284 3110 illustribus,

187 3152 255 3193 cum
269 3134 345 3193 notis
354 3132 522 3193 Maccanei.
565 3129 721 3213 Repetitio
731 3129 781 3192 ed.
797 3136 887 3192 1507.

229 3236 306 3292 1517
327 3239 359 3289 et
371 3237 452 3290 1519
473 3228 644 3301 Florentia,
657 3236 687 3288 8.
708 3248 747 3291 ex
767 3226 845 3291 offic.
868 3227 995 3288 Juntina
1015 3230 1141 3311 repetita
1159 3239 1204 3290 est
1224 3229 1284 3289 Al-

186 3326 258 3387 dina
272 3343 295 3386 1.
338 3325 428 3386 Prior
440 3335 538 3387 tomus
550 3325 640 3386 bubet
651 3344 719 3385 cum
728 3324 871 3386 Suetonio
882 3324 1036 3387 Victorem
1043 3337 1074 3387 et
1086 3328 1260 3406 Eutropium
1273 3345 1281 3392 ;

186 3432 266 3485 certe
287 3423 429 3503 posterior
447 3432 543 3482 tomus
564 3421 771 3502 complectitur
795 3438 842 3483 vr.
870 3422 993 3505 Scriptt.
1008 3423 1094 3487 Hist.
1107 3424 1189 3503 Aug.
1216 3438 1284 3482 eum

191 3518 301 3581 Dione.

229 3622 308 3676 1518
330 3616 469 3687 Badiam,
490 3615 543 3677 iol.
567 3616 617 3676 Ex
637 3616 836 3696 recognitione
856 3617 929 3678 Des.
952 3618 1066 3678 Erasini
1089 3613 1284 3676 Roterudami

188 3712 226 3774 C.
243 3712 400 3772 Suetonius
412 3711 612 3793 Tranquillus,
629 3713 690 3774 Dio
706 3714 826 3774 Cassius
842 3714 977 3786 Nicaeus,
990 3715 1086 3775 AElius
1099 3712 1283 3792 Spartianus,

186 3807 285 3869 Julius
314 3808 514 3890 Capitolinus,
550 3810 647 3871 AElius
681 3810 879 3893 lampridius,
904 3812 1063 3873 Vulcatius
1097 3808 1283 3884 Gallicanus,

187 3905 231 3969 V.
248 3908 285 3968 C.
299 3906 465 3968 Trebellius
483 3906 598 3978 Pollio,
626 3907 747 3969 Flavius
770 3909 919 3989 Vopiscus
940 3906 1123 3988 Syracusius.
1166 3905 1285 3973 Quibus

187 4003 321 4083 adJuncti
333 4014 401 4066 suut
414 4005 500 4065 Sext.
511 4003 654 4065 Aurelius
668 4004 786 4076 Victor,
801 4004 972 4082 Eutropius,
987 4002 1105 4063 Paulus
1120 4002 1284 4077 Diaconos,

187 4099 366 4161 Ammianus
393 4101 598 4173 Marcellinus,
620 4101 805 4184 Pomponius
829 4100 937 4171 Luctus,
957 4098 1019 4161 Ro.
1033 4099 1083 4160 Jo.
1102 4100 1196 4183 Bapt.
1223 4101 1285 4181 Eg·

187 4197 285 4259 uatius
299 4198 524 4261 Venetus—In
538 4198 597 4262 fine
611 4200 730 4279 legitur,
744 4210 753 4237 ⁴
767 4198 896 4261 Basileus
911 4197 990 4281 apud
1010 4197 1156 4261 Joannem
1175 4199 1285 4261 Frobe·
