3074 5040
382 382 522 430 sunus.
540 382 637 429 uror.
663 382 710 428 nu
733 381 952 431 cessemus
975 383 1056 431 osu.
1080 384 1153 433 xx.
1248 367 1313 434 725

222 518 354 568 litisrimns
370 518 515 583 Byulrerslr.
532 519 549 567 l.
566 519 585 567 l.
609 518 750 581 proponeba-
821 517 934 566 Heluium
945 517 1181 581 islerdiootreserl]
1198 517 1314 568 Pertinet·

223 602 272 645 lar.
291 597 381 645 Arnta.
788 593 825 642 cis
836 608 975 655 cognomen
990 595 1067 642 etiam
1086 594 1159 642 initio
1176 595 1262 642 atatim
1274 609 1313 644 at·

255 673 335 736 Sprioe
346 673 443 736 legatia]
457 673 566 721 Constat
578 686 609 719 ex
623 671 749 720 Herodis·
788 670 907 718 tumuisse
919 670 1017 719 Herod.
1036 678 1187 733 auctorest,
1201 679 1230 721 ut
1240 672 1311 722 neeis

221 763 256 797 no
267 750 390 798 historico
400 749 498 798 Groeco
508 758 534 797 et
543 749 693 812 spartiano,
699 763 749 797 nou
788 746 934 795 Pertinacis
945 748 1061 795 ultorem.
1086 745 1186 795 Adhuc
1199 762 1247 797 non
1259 763 1314 797 ruo·

221 825 304 889 Syrie
327 827 515 889 proconsulem,
543 826 588 872 sed
609 825 748 874 Pannoniis
787 822 820 872 do
830 823 948 886 Illyricis,
958 823 1002 872 sed
1017 824 1130 872 Romano
1141 825 1219 872 etiam
1232 839 1313 888 popn·

223 901 497 965 praeiuisseSerernm.
532 901 748 963 Namapndcar·
787 898 1001 960 logratiseimnm.
1014 899 1058 947 lib.
1071 913 1101 947 ιι.
1136 900 1199 948 Mox
1218 915 1314 950 execra-

221 986 330 1026 uuutrrm
345 979 485 1026 Pennonire
500 978 605 1040 opidum
617 977 749 1037 Auprrstus
787 975 847 1024 tioni
878 975 1014 1023 «rarioribus
1034 976 1085 1039 legi
1116 977 1193 1024 etism
1218 984 1313 1038 potest.

221 1055 390 1116 alegionibns
400 1056 483 1104 dictus
493 1064 539 1104 ost.
557 1056 645 1117 Spart.
657 1055 749 1104 Scholi-
787 1052 822 1101 Et
851 1050 900 1099 inf.
925 1053 985 1107 Quoe
999 1052 1056 1109 suto
1078 1053 1188 1115 quodum,
1204 1053 1314 1103 mamre

221 1131 259 1179 Ut
272 1132 382 1180 Severus
393 1132 473 1195 Syria
490 1133 581 1192 legetur
594 1132 633 1179 lric
645 1133 748 1192 dicitnr,
784 1132 858 1190 paritr
879 1127 994 1187 secundo,
1019 1143 1075 1190 quor
1099 1129 1217 1188 eduxerit,
1236 1136 1314 1179 lom

222 1208 258 1255 its
276 1207 301 1255 in
318 1208 422 1258 iuliano
439 1209 579 1269 spartium,
598 1210 696 1257 Erasini
707 1208 748 1257 ed.
787 1217 910 1266 quemque.
944 1205 1072 1265 Scriptum
1083 1211 1167 1252 tarneu
1178 1205 1314 1255 lectionem

221 1284 298 1332 habet
322 1284 464 1333 Percennius
493 1285 571 1346 Niger
593 1286 619 1333 in
643 1284 748 1348 Illyrico,
786 1279 945 1328 nondumne.
978 1280 1086 1329 Rursum
1098 1295 1165 1342 quem
1175 1295 1314 1343 quamquem

223 1361 352 1423 Septimius
373 1360 474 1410 Severus
494 1363 520 1408 ln
542 1362 624 1425 Syria.
662 1361 747 1425 Atque
785 1360 951 1404 exoolnoelole
968 1356 1052 1403 malim
1065 1356 1144 1417 siper
1160 1355 1238 1404 libror
1251 1356 1313 1406 liee-

221 1437 287 1485 sdeo
299 1451 355 1486 curn
365 1437 405 1486 lric
415 1437 482 1499 apud
493 1438 625 1486 Victorem
639 1452 695 1485 mor
708 1453 747 1487 se·
786 1441 835 1494 ret,
847 1434 885 1481 vei
903 1437 1093 1495 praestruentes
1104 1433 1172 1482 forte
1182 1438 1315 1483 rtolserrler

221 1513 748 1575 qnerurtaemenutmlrlellungereuor,
785 1510 888 1572 scripsit
909 1511 1006 1560 Victor.
1047 1511 1114 1560 Vide
1136 1510 1312 1573 Spanianum.

221 1590 330 1638 Severus
340 1598 386 1639 aut
397 1591 476 1655 Syriae
488 1600 531 1638 ant
543 1591 696 1651 Britanniae,
708 1605 747 1639 re·
785 1586 858 1635 idern
866 1587 899 1637 de
909 1588 1146 1652 Augustoelogium
1154 1589 1179 1636 iu
1189 1590 1312 1653 impresso

220 1666 370 1715 motionibus
390 1667 491 1715 scilicet
513 1668 660 1729 provinciis,
681 1681 747 1728 prse-
785 1663 923 1714 breviario.
940 1666 1033 1714 Sodali.

220 1741 299 1790 sitisse
322 1742 431 1792 videtur.
470 1742 533 1804 Sed,
555 1743 575 1789 si
597 1743 746 1804 diligentior
818 1743 956 1805 Actorides]
989 1743 1038 1792 Vel
1061 1742 1139 1791 etiarn
1168 1744 1312 1794 uurloriittt.

220 1818 391 1878 exaudiamus,
404 1819 561 1866 inveniemus
576 1818 602 1865 in
614 1818 746 1879 Spartianl
786 1818 911 1882 Respexit
923 1820 954 1867 ed
973 1821 1064 1868 istlree
1080 1819 1164 1868 'l'aeiti
1182 1820 1214 1867 de
1228 1820 1313 1870 Cordo

218 1892 305 1941 verbis
323 1893 397 1940 modo
414 1893 500 1941 citetis
513 1894 629 1941 vitiosam
643 1909 657 1940 a
669 1893 747 1942 libra·
786 1896 935 1943 Cremrrtio:
953 1896 1063 1944 ‘Libros
1081 1909 1127 1958 per
1148 1896 1236 1944 ediles
1255 1910 1311 1946 era-

220 1969 264 2036 riis
285 1968 380 2016 factam
399 1984 454 2017 esse
474 1970 709 2031 transpositionem,
721 1977 749 2018 et
786 1971 892 2020 marrdos
904 1986 1027 2020 censuere
1037 1972 1145 2032 Patrea;
1156 1972 1200 2019 sed
1213 1986 1313 2021 manse·

220 2060 277 2093 cnm
306 2045 417 2108 Egnatio
442 2045 589 2107 legendnm,
608 2046 747 2095 Pescenniae
786 2048 1311 2111 rnntoccnltstietediti:qtromugisse·

221 2122 303 2183 Niger
320 2122 345 2169 in
362 2120 443 2185 Syrio,
459 2122 588 2184 Septimius
603 2120 706 2170 Seuerus
721 2124 747 2171 r'n
786 2126 901 2174 cordiam
930 2140 1018 2175 eornm
1040 2125 1148 2174 irridere
1172 2125 1244 2183 libet,
1267 2125 1311 2188 qrri

221 2197 327 2261 illyrico.
361 2199 405 2247 Sic
425 2200 491 2245 enirn
508 2213 556 2246 non
571 2197 746 2263 nrodoXiplri·
786 2201 907 2264 presenti
927 2202 1046 2262 potentia
1063 2199 1174 2249 eredunt
1194 2199 1313 2263 extingui

220 2275 287 2322 linos
304 2283 331 2323 et
343 2274 506 2324 Herodianus
528 2276 635 2335 Nigrum
653 2275 745 2338 Syriae,
786 2290 859 2338 posse
871 2277 949 2325 etiarn
970 2275 1102 2338 sequentis
1121 2276 1169 2323 arri
1191 2277 1310 2323 memori·

217 2352 341 2400 Severum
365 2351 505 2400 Pannoniis
532 2359 609 2414 atque
632 2352 748 2414 Illyrico,
786 2370 841 2405 am:
868 2370 924 2403 nam
953 2364 1053 2416 contra,
1082 2353 1177 2416 punitis
1202 2351 1312 2410 ingeniis

218 2427 341 2476 Albinum
365 2428 506 2476 Britanniae
531 2425 666 2489 praefuisse
694 2435 746 2477 tra·
786 2433 879 2481 erescit
897 2433 1053 2482 anrtoritas:
1072 2446 1155 2494 ueqrrs
1174 2430 1244 2479 alind
1265 2444 1312 2479 ex·

218 2507 300 2566 dmrt;
317 2506 361 2554 red
383 2507 438 2568 ipse
458 2506 536 2554 etiarn
554 2505 704 2568 Spartianus
720 2506 746 2553 in
785 2511 852 2558 terni
877 2518 1015 2573 regemunt
1038 2509 1080 2571 qni
1100 2508 1191 2557 eudem
1211 2508 1311 2557 saerltie

218 2583 306 2633 Severi
329 2585 380 2632 rita
399 2584 522 2631 Severum
546 2596 560 2629 e
583 2580 746 2631 Germanicis
785 2589 823 2637 usi
834 2597 904 2647 sunt,
915 2590 963 2636 uiri
974 2588 1087 2637 dedecus
1098 2587 1157 2642 sibi,
1169 2595 1247 2650 atque
1260 2586 1310 2636 illis

218 2660 361 2723 legionibus
372 2660 439 2722 apnd
453 2660 612 2708 Carnuntmn
631 2659 745 2722 Impera·
784 2666 891 2728 gloriam
902 2663 1079 2728 pepererunt!
1113 2665 1205 2714 dunel.
1220 2679 1260 2713 ιν.
1270 2668 1312 2714 ⁸6.

219 2744 300 2786 torem
320 2738 477 2799 appellatum
496 2745 594 2783 narrat.
628 2736 685 2785 Nee
705 2751 745 2785 rs·
783 2740 933 2790 fine.Grul.
966 2741 1179 2792 Passaronem
1196 2741 1267 2804 Sylb.
1285 2748 1313 2791 et
1394 2803 1398 2809 ¹

219 2822 317 2877 pugnat
328 2813 394 2876 quod
406 2813 562 2876 sequitnr‚ia
573 2813 686 2862 extremis
696 2818 744 2863 ler-
784 2818 853 2867 edidi
861 2820 1011 2876 uanioribusr
1029 2833 1088 2868 uem
1096 2820 1104 2847 ⁸
1112 2826 1233 2867 auctores
1245 2831 1311 2866 mor.

217 2891 261 2940 rt's.
285 2890 744 2947 Hmfflwll·essimdlleftwriblb
785 2895 911 2952 tis’snnt,
927 2909 1034 2960 qnorum
1053 2895 1165 2957 joannet
1186 2893 1311 2942 instinctu

218 2969 342 3017 Severum
364 2967 480 3015 ⁰m⁰lbl¹⁸
510 2967 662 3028 Ιθὶῑθῦἰῦῠῡι
686 2983 744 3031 qim
783 2972 875 3035 aliquis
887 2971 1049 3021 interficitur.
1077 2970 1311 3019 0rid.Met.vrrr.

218 3058 265 3106 per
277 3043 442 3092 Germaniam
458 3051 485 3091 et
503 3043 649 3091 Pannonias
661 3042 744 3093 Rheni
783 3053 841 3097 449.
860 3048 914 3096 ‘At
926 3047 999 3096 airuul
1011 3053 1054 3095 est
1066 3052 1156 3094 auctor
1174 3045 1246 3092 necis
1258 3044 1311 3092 etli-

217 3130 296 3181 atqtte
315 3119 377 3167 lstri
397 3119 458 3180 ripis
472 3120 504 3165 ad
517 3117 744 3170 arrendesbarbs·
784 3131 834 3179 tus,
845 3124 943 3172 excidit
962 3122 1043 3171 omnis
1064 3118 1180 3170 Luctus?
1212 3120 1312 3168 Seneca

217 3208 303 3244 rorum
327 3193 486 3242 incursiones
514 3202 587 3241 erant
607 3195 744 3258 impositae,
785 3197 1098 3247 Here.OEtoeors.llll.
1115 3195 1158 3243 ‘0
1176 3201 1252 3254 turpe
1272 3191 1311 3242 l'a·

218 3274 309 3319 ducem
320 3267 469 3331 presulem
481 3277 508 3316 et
519 3270 616 3317 Noster
625 3268 665 3318 iric
673 3271 745 3332 patil-
784 3275 853 3323 tnml
872 3273 976 3322 loemins
985 3272 1124 3321 Herculem
1135 3266 1312 3318 nerirAuetor

217 3349 243 3396 lo
266 3354 333 3408 port,
354 3344 444 3391 ereuo
466 3343 635 3407 Danubioquo
654 3346 744 3393 Rorna-
785 3347 902 3399 feretur?
935 3350 1041 3396 Sueton.
1053 3348 1118 3396 Ner.
1131 3361 1153 3395 c.
1165 3345 1310 3407 alstemus

217 3441 277 3476 uum
291 3423 424 3487 imperium
437 3421 468 3469 ed
482 3422 690 3483 septemtrionem
699 3424 744 3474 de·
783 3427 864 3480 neeis,
884 3425 932 3474 etsi
953 3439 1001 3472 non
1022 3432 1122 3483 auctor,
1143 3431 1167 3471 st
1191 3422 1310 3472 conscius

217 3504 316 3554 unitum
329 3501 407 3551 fnisse
417 3500 502 3548 docet.
518 3499 584 3562 Syll.
782 3505 831 3554 snit
843 3503 859 3552 :'
876 3512 904 3552 et
923 3503 949 3550 in
965 3503 1025 3550 Tito
1042 3517 1065 3549 c.
1082 3501 1128 3549 9.·
1150 3500 1206 3549 Nee
1218 3506 1311 3548 auctor

250 3580 348 3643 Prome]
374 3580 454 3628 Forte
474 3592 565 3642 prone:
592 3578 743 3639 rollione,
782 3580 888 3644 postlrse
906 3579 1052 3642 cnjrrsqnam
1074 3577 1154 3640 neeis,
1175 3590 1223 3626 nec
1244 3589 1306 3624 eou-

217 3658 284 3721 qnod
304 3656 408 3720 propius
426 3670 442 3704 a
460 3653 624 3703 veroabettt
642 3655 743 3703 namatl
781 3654 867 3705 scius!
903 3655 999 3703 Noster
1022 3653 1069 3699 lroe
1089 3652 1172 3714 ειμι
1192 3656 1216 3700 9.
1251 3651 1308 3702 Nee

217 3736 322 3786 balneas
335 3735 466 3782 Palatinas
479 3732 614 3780 Rouraeest
623 3728 743 3780 iuterfee·
781 3746 848 3781 noro
855 3730 974 3792 exemplo
983 3728 1044 3776 illud
1057 3727 1241 3788 terinaneum
1251 3728 1307 3791 jam

219 3822 269 3863 tus.
285 3812 378 3861 Sonuit.
781 3811 836 3859 aliis
847 3809 1013 3858 observatum
1034 3807 1067 3854 sit
1088 3807 1124 3855 ita
1141 3821 1219 3855 voces
1231 3814 1238 3835 ⁸
1248 3822 1309 3856 auu·

253 3890 381 3939 canam
424 3887 464 3950 §l
484 3882 638 3945 Commotior]
676 3883 743 3932 Mse-
782 3888 836 3938 tor'
860 3895 887 3936 et
912 3884 1104 3934 ‘aetor'inter
1131 3882 1308 3948 secousnndl.

217 3967 364 4018 commodior.
389 3963 480 4010 mals:
514 3961 632 4009 rideatur
660 3961 742 4010 orutio
781 3964 874 4013 Heius.
905 3962 937 4010 ad
959 3960 1094 4010 Clarrdiun.
1122 3961 1205 4009 Stilic.
1229 3974 1259 4010 ιι.
1282 3966 1306 4012 Ι.

217 4043 364 4094 Pertinacis
374 4038 456 4087 lib.rr.
468 4037 535 4100 apud
547 4037 687 4086 Herodian.
707 4038 742 4088 Et
781 4041 896 4090 Gronov.
919 4039 950 4087 ad
973 4039 1027 4087 Liv.
1050 4052 1080 4086 ιι.
1099 4043 1140 4087 llll.
1159 4037 1256 4088 anrr.
1275 4040 1308 4089 ati

217 4119 344 4184 quomodo
355 4115 500 4163 esuritorati
514 4115 608 4163 milites
622 4117 740 4177 praetori·
782 4119 884 4168 Florum
905 4131 949 4166 ιιι.
972 4122 996 4164 ll.
1019 4117 1090 4179 ΗΟ.
1121 4115 1253 4164 Drakenb.
1274 4115 1307 4166 sd

218 4197 260 4245 aui
272 4196 339 4243 ultre
350 4192 516 4242 centesimum
536 4190 568 4238 alr
586 4190 656 4239 Urbe
677 4191 740 4257 lapi·
780 4195 872 4245 Silium
886 4192 1178 4244 xr11.lll⁰.etcortius
1196 4193 1228 4244 ed
1246 4191 1309 4245 Sall.

217 4270 276 4324 deur
286 4271 389 4322 exulare
400 4267 483 4319 ooscti
493 4267 568 4319 suut?
585 4267 677 4318 Scisti.
780 4271 859 4321 cstil.
870 4285 894 4321 e.
910 4274 934 4320 Ι.
951 4273 1001 4334 §i-
1016 4269 1103 4320 Arate.
