3074 5040
206 346 272 412 760
554 361 662 411 norm
685 357 887 409 vsnrouuu
913 358 952 407 ru

207 506 303 570 questi
320 505 422 554 sedilis
436 505 735 556 noninnsitstsidaets·
775 503 902 553 ministri?
937 504 968 553 ln
987 517 1045 552 cum
1065 503 1132 553 enim
1152 512 1304 568 competunt

207 585 240 633 tis
257 582 426 646 scriptoribus
443 583 564 646 loquendi
582 580 676 644 forms,
688 596 735 645 pro
776 582 820 631 illa
835 583 867 631 P.
879 583 954 646 Syri:
970 584 978 612 ⁴
992 582 1049 631 Nisi
1066 582 1180 631 vindices
1198 582 1304 648 delicis,

126 680 129 686 ⁴
207 658 334 715 ‘melius,'
346 660 353 685 ‘
364 658 514 709 immunius!
530 658 623 709 Solvit.
775 659 969 722 improbitatem
981 659 1106 723 adjuves?
1140 660 1222 710 ltems
1241 662 1303 710 ‘ln-

238 735 418 801 apparitorum]
437 735 475 785 At
490 735 613 801 quidquid
633 735 651 784 ii
674 746 733 798 peu·
770 736 867 799 jurism
885 738 940 801 ipss
955 735 1044 799 facias,
1056 736 1096 785 ubi
1108 750 1157 785 nou
1169 737 1303 788 vindices?

207 821 277 869 cant,
296 820 387 876 peccat
406 813 462 874 ipse
481 812 622 874 Princeps:
646 811 735 873 itaque
777 813 834 862 Nec
848 828 916 862 uon:
934 814 1004 865 ‘Qul
1019 812 1101 876 culpus
1121 814 1232 876 ignoscit
1249 817 1304 879 uni,

207 891 266 956 quei
277 889 383 939 lsudsrs
398 896 474 952 potes
486 903 555 952 enm,
566 889 608 938 cui
619 889 679 938 rusli
690 887 735 937 sd·
775 889 868 939 suadet
879 887 1014 954 pluribus‚'
1025 894 1075 941 dcc.
1094 890 1168 940 Grst.

603 1137 905 1151 m

487 1372 552 1437 DE
574 1372 695 1439 VITA
717 1374 778 1439 ΕΤ
801 1373 1022 1441 MORIBUS

285 1566 714 1646 IMPERATORUM
751 1569 1143 1662 ROMANORUM,
1171 1577 1241 1650 dcc.

240 1797 281 1848 Dc
291 1798 354 1862 citu]
372 1799 510 1862 Vulgatam
522 1799 580 1849 libri
592 1799 739 1862 inscriptio·
779 1807 809 1850 ut
819 1798 889 1851 forts
900 1808 1044 1851 racematur
1054 1800 1096 1851 bic
1107 1815 1123 1851 s
1134 1801 1252 1861 Victore,
1262 1812 1307 1848 cn·

209 1888 267 1926 usur
282 1876 393 1928 retinui:
411 1891 463 1926 non
479 1877 569 1927 celabo
586 1885 672 1927 tsrnen
687 1879 737 1929 lec·
775 1877 819 1940 jos
830 1877 948 1941 quasdam
960 1877 1133 1941 exscribebat,
1145 1876 1307 1927 Victorinum

210 1956 301 2009 torem,
323 1968 398 2018 quam
421 1953 447 2003 in
469 1955 521 2004 Ms.
545 1955 617 2004 Petri
641 1954 737 2004 Pithoel
778 1969 835 2003 sess
855 1956 1010 2018 sppellsrit:
1028 1971 1079 2020 qun
1096 1957 1129 2004 ds
1146 1954 1191 2004 clii
1204 1953 1307 2018 judica·

211 2029 259 2078 riri
286 2029 427 2080 doctissimi
455 2030 587 2093 ἐπιγραφὴν
615 2032 737 2094 repperi:
780 2031 853 2082 bunt.
887 2035 953 2082 Mihi
970 2043 1044 2084 certe
1061 2032 1146 2082 studio
1164 2031 1224 2087 fcit,
1242 2029 1308 2079 iudi·

209 2106 299 2170 lucs'ps't
308 2107 399 2157 libeilss
409 2109 438 2158 ds
448 2110 499 2158 nilo
510 2115 532 2158 et
546 2109 651 2158 nuribus
661 2110 738 2171 lupe·
779 2121 840 2157 csrc
852 2124 928 2170 orrum
941 2108 1053 2161 feliciter
1063 2109 1187 2157 Lascrnrs
1199 2109 1310 2166 litsssst,

208 2185 506 2248 recommunicare
525 2186 663 2236 librisSss.
677 2188 738 2236 lor.
778 2193 806 2234 st
823 2186 892 2234 undo
910 2187 1067 2248 potissimum
1084 2200 1148 2234 uras
1163 2184 1309 2247 decerpsis-

213 2258 304 2309 Victor.
324 2278 339 2310 n
363 2262 457 2311 caran
478 2263 589 2325 Asgrrsts
611 2277 682 2326 usque
706 2264 738 2312 od
777 2269 834 2321 set;
850 2277 866 2309 a
880 2262 1031 2324 Trann'rllo
1048 2261 1178 2320 nimirum,
1189 2260 1308 2322 Victore,

211 2336 373 2390 Theodosium
408 2338 738 2403 AquoretnscodsaFlo·
778 2336 925 2397 Ammiano,
944 2337 1081 2401 Eutropio,
1100 2337 1203 2386 ceteris.
1236 2336 1308 2385 Hinc

210 2413 395 2476 rincensis‚qul
412 2423 453 2464 est
463 2415 537 2465 Petri
549 2414 676 2474 Danielis,
688 2428 737 2463 non
777 2410 883 2467 suctum,
905 2421 934 2462 ut
955 2414 1035 2476 mujur
1053 2428 1128 2478 qrrsm
1149 2413 1249 2474 vellem,
1266 2411 1308 2462 lsic

210 2488 346 2539 admodum
365 2491 456 2545 rurist,
472 2491 521 2540 nisi
536 2491 604 2555 quod
621 2489 738 2540 Victorini
778 2490 977 2539 commentarius
988 2497 1123 2552 apparent.
1141 2488 1236 2536 Scirott.

210 2580 259 2627 pro
272 2566 377 2614 Victoris
394 2568 495 2630 integre
512 2568 656 2617 scriberet:
675 2583 738 2631 quo·
812 2565 885 2614 Sexti
905 2566 1000 2615 Aurelii
1025 2563 1141 2626 Victoris]
1165 2563 1308 2612 Historiam

210 2640 288 2689 modo
310 2650 338 2690 et
361 2633 485 2702 Etgstuus'
504 2644 620 2693 Coenobii
642 2645 739 2694 Floria·
780 2640 1149 2704 Augustsm‚nutejnssslteur
1160 2640 1308 2702 Epitonren,

210 2718 294 2766 censis
311 2718 458 2772 muschus,
474 2719 499 2767 in
511 2721 566 2768 rita
578 2720 687 2769 Roberti
699 2735 740 2769 rs·
780 2718 871 2767 eodem
883 2727 999 2781 tempore
1015 2731 1074 2767 cuns
1090 2717 1210 2780 Eutropii
1223 2716 1308 2765 breri-

210 2793 251 2855 gis
265 2793 396 2854 appellat:
413 2793 459 2842 sed
472 2794 493 2842 is
505 2793 670 2843 bibliothecas
685 2810 739 2845 suto
780 2794 843 2849 ario,
853 2795 922 2844 iuter
932 2792 1103 2843 conferendos
1115 2794 1257 2856 scriptores
1267 2808 1309 2844 rs·

209 2868 303 2918 librum
312 2869 363 2917 Ms.
375 2869 493 2933 religiose
502 2878 605 2921 secutus
617 2880 666 2920 est.
687 2873 739 2922 lie·
779 2871 831 2920 rios
840 2870 993 2935 diversaque
1002 2870 1171 2933 exemplaris,
1183 2869 1310 2933 Burdiga.

211 2952 347 3009 praeatum
364 2944 412 2995 hoc
428 2959 521 2995 nornen
539 2946 564 2994 iu
578 2947 662 2996 Paulli
674 2947 739 2997 Dis·
779 2946 812 2996 le
823 2945 1029 2995 cmeudsrimus:
1048 2947 1106 2995 anni
1117 2955 1176 2996 sunt
1185 2946 1240 3010 jsm
1252 2948 1308 3011 plus

211 3022 270 3073 coni
283 3021 390 3085 vulgatis
408 3020 521 3086 eddqui
540 3022 636 3072 lihDs
648 3023 739 3073 Gestis
777 3021 947 3087 undeviginti.
982 3023 1045 3073 Eum
1065 3037 1133 3073 nuuc
1153 3024 1257 3074 taudem
1282 3025 1308 3075 iu

212 3098 441 3162 Longnbardornm
453 3099 577 3160 morundo,
588 3098 740 3162 Apenninus
780 3101 864 3150 lucem
882 3100 1002 3150 emittere
1015 3101 1096 3150 risum
1113 3107 1163 3157 sss,
1174 3111 1202 3151 ct
1216 3103 1241 3151 in
1252 3101 1310 3165 ejm

210 3174 294 3240 Alpes
317 3175 475 3231 describens.
503 3174 618 3233 ‘Sunt’
648 3177 741 3241 iuquit,
780 3175 1139 3239 sdlrrccpsuculsmonsre.
1172 3177 1309 3240 Exempla·

211 3254 272 3317 ‘qni
283 3253 363 3316 Alpes
372 3253 458 3303 Cotiss
467 3258 495 3302 st
504 3252 653 3317 Apenninus
664 3267 740 3303 unsm
782 3254 820 3304 ris
839 3263 928 3303 nostra
948 3251 1054 3303 l'ucrnut
1076 3255 1203 3318 impressa
1225 3256 1310 3305 omnia

211 3330 300 3381 dicant
312 3344 368 3380 esse
381 3330 614 3394 proriucismzssd
625 3331 670 3381 lros
679 3332 739 3382 Vic-
781 3336 877 3393 praetsr
906 3344 985 3381 uuum
1013 3332 1217 3395 membraneum,
1240 3330 1309 3396 quod

211 3407 291 3460 toris'
302 3408 406 3474 (excusi
417 3406 521 3472 quidem
532 3408 644 3466 dictores,
656 3409 720 3458 sssls
731 3423 740 3470 ς
781 3407 856 3456 nobis
868 3408 1105 3460 commodsritdos.
1114 3410 1261 3467 Cassianus,
1269 3422 1309 3456 rs·

211 3486 331 3537 meliores
344 3485 389 3535 lib.
403 3483 533 3549 Vusortur)
546 3485 673 3535 ‘revincit
688 3486 740 3536 bis·
781 3485 837 3549 gius
854 3485 1023 3535 consiliarius.
1058 3487 1098 3535 Ds
1115 3494 1220 3535 suctors
1237 3482 1310 3540 istius

212 3563 289 3625 torio,
300 3578 357 3626 quie
370 3562 451 3626 Alpes
465 3561 555 3613 Cutius
572 3578 621 3626 per
636 3577 665 3612 so
681 3578 740 3625 pro·
782 3561 903 3613 bresiarii
920 3563 982 3612 nihil
1001 3562 1132 3624 comperi;
1149 3574 1232 3624 neque
1245 3559 1310 3608 sstis

212 3640 322 3689 vinciam
335 3637 469 3703 appellat!
496 3639 562 3691 Qum
575 3639 701 3702 hodieque
713 3639 741 3688 in
780 3641 834 3688 scio
846 3641 902 3703 quis
919 3640 970 3688 ists
987 3640 1087 3692 Victor,
1103 3637 1147 3701 qui
1166 3637 1308 3686 Romanam

212 3718 320 3769 Nerone
332 3725 435 3767 exstant
453 3731 526 3766 norm
538 3717 686 3780 veterisque
698 3717 740 3766 ed.
780 3717 912 3766 historiam
931 3717 965 3764 sb
982 3712 1127 3764 Octsrlsrro
1141 3712 1259 3775 Augusto
1275 3712 1309 3762 sd

212 3795 312 3846 Aurelii
321 3795 447 3844 Victoris:
460 3794 493 3843 de
504 3809 556 3859 quo
566 3794 670 3858 quidem
679 3809 741 3844 auc·
779 3793 952 3843 Theodosium
960 3792 1082 3853 Magnum
1092 3790 1124 3838 sit
1133 3797 1311 3851 persequutus.

213 3879 268 3921 tore
289 3871 363 3934 plura
386 3871 411 3919 in
435 3869 630 3931 Prolegosaeuis
652 3868 740 3920 dicere
779 3867 833 3919 Jul.
841 3866 1004 3930 Capitolinus
1015 3863 1115 3914 Aurelii
1126 3864 1239 3914 Victoris
1248 3879 1309 3929 eug.

212 3948 324 3998 memini.
357 3947 481 3996 Ceterum
502 3945 636 4009 antiquiss.
653 3960 740 3994 exem·
780 3949 901 3992 nomento
923 3940 1004 3990 Pristi
1031 3939 1057 3987 iu
1077 3937 1166 4001 Opilio
1189 3941 1311 3992 Macrino

213 4027 293 4089 plum,
321 4025 388 4089 quod
421 4039 504 4087 nuper
530 4023 588 4075 Jsc.
616 4023 739 4086 Cujncius
780 4020 903 4070 meminit.
924 4018 1030 4068 ‘verbs
1050 4017 1177 4081 denique'
1196 4019 1311 4084 (inquit)

212 4100 338 4152 JCtorunr
350 4101 432 4149 nostri
444 4100 569 4162 temporis
582 4099 657 4150 facile
671 4101 740 4161 priu-
781 4095 897 4145 ‘Aurelii
914 4094 1034 4148 Victoris,
1049 4095 1092 4142 cni
1110 4095 1198 4146 Primo
1215 4110 1310 4160 cogno.

213 4192 276 4240 ceps
293 4177 453 4240 Biturigibus
469 4178 502 4225 sd
521 4191 562 4226 mo
580 4178 658 4237 misit,
673 4177 740 4228 Sca.
780 4186 838 4223 men
855 4181 921 4228 orsu
938 4171 995 4220 ¹¹⁸0
1014 4169 1135 4220 fuerunt:
1153 4172 1311 4238 Macrinum,

216 4252 286 4306 Aua.
303 4255 455 4305 viomautr
477 4251 594 4304 disertius
613 4253 737 4317 proferte
780 4248 929 4303 libertinum
955 4247 1094 4312 huminem,
1113 4248 1309 4315 prostibulsuu'
