3074 5040
312 329 381 393 716
658 343 766 394 noun
790 343 993 394 vanronnsr
1018 345 1058 394 sn

273 473 276 477 ⁸
318 489 535 541 versts'llemta:
564 488 629 553 ‘qui
651 488 733 552 pileos
755 495 840 552 gestu·
911 489 990 539 Simul
1007 489 1116 538 nosemdi
1132 489 1407 554 aoeiur1Emeudsbat

219 595 221 600 ·
317 567 395 617 baut'
414 569 537 631 Blsncus,
555 565 598 615 nbi
612 568 663 630 pilo
679 567 780 632 quidem
797 568 841 616 im·
877 568 998 617 moeeads's
1017 568 1082 615 orius
1102 581 1172 627 rere,
1191 569 1266 616 liters
1288 581 1338 616 nna
1360 570 1406 618 mi-

316 651 476 708 pressernut‚
487 645 530 709 qni
546 649 573 693 ct
589 644 640 692 iter
655 644 787 693 eonditum
805 645 842 694 sit
878 652 979 707 grente,
992 644 1124 692 Puteanus
1141 645 1299 694 consiliarius
1310 646 1405 708 regins,

314 735 363 784 per
374 721 496 770 Ponticas
508 720 624 785 psludes.
657 720 710 770 Pro
721 721 842 785 Sacisqne,
878 722 919 770 cni
932 720 981 769 dici
993 736 1044 770 nou
1057 727 1142 784 potest
1158 728 1280 785 quantum
1295 721 1406 772 debeam

315 797 602 862 larygisquelegendnus
620 812 652 846 ex
671 798 757 847 Dione
772 798 842 848 side·
878 795 910 845 ob
923 798 1076 858 singularem
1093 796 1278 846 immanitatem
1294 799 1320 846 in
1337 812 1405 847 com·

315 880 366 921 tur.
389 876 453 924 Mox
464 873 513 923 ‘de
524 874 650 924 Decibalo
662 889 721 936 rege
734 889 764 923 ec
778 877 841 924 Der·
878 873 1036 921 misnicsndis
1046 873 1107 921 Mss.
1118 873 1209 937 quibus
1222 872 1319 924 referta
1330 874 1407 923 bibli·

315 947 423 998 deuiis?
440 950 841 1011 barammsmrmattssanm·
878 951 968 998 otbece
984 958 1041 998 est:
1060 964 1108 998 nec
1125 964 1173 1014 ego
1192 952 1282 1015 solutu,
1294 950 1340 1001 sed
1353 966 1406 1000 orn·

315 1025 347 1074 ts's
358 1026 528 1088 legendumne
544 1028 588 1087 sit,
605 1026 709 1074 aliorum
727 1033 784 1075 estc
798 1026 841 1088 jn·
877 1042 923 1076 nes
935 1033 1059 1092 quotquot
1070 1027 1155 1076 studio
1170 1037 1197 1078 et
1212 1028 1338 1078 industria
1349 1041 1406 1078 not·

316 1102 420 1159 dicium,
436 1117 492 1151 nasu
506 1102 643 1164 Sardonios,
660 1102 726 1166 qnod
745 1104 770 1151 in
788 1103 841 1152 Ma.
878 1110 918 1153 trs
930 1102 1242 1166 aliqnandojusabnntnr.
1259 1104 1350 1153 Sebott.

315 1181 411 1240 reperi,
423 1185 452 1227 nt
463 1187 562 1227 rectum
581 1178 616 1226 sit
632 1191 731 1226 rereor.
748 1178 840 1226 Solott.
910 1181 1012 1229 Admota
1028 1181 1106 1229 medin
1121 1195 1201 1228 corsus
1215 1180 1319 1245 publici]
1338 1177 1405 1228 vids

315 1254 443 1305 Surdonim
459 1268 560 1318 quoque
577 1262 712 1318 suspectus
729 1254 841 1304 babebat
877 1256 945 1320 apud
955 1257 1041 1318 Spart.
1051 1262 1141 1304 notata
1151 1272 1166 1305 ι
1175 1257 1236 1305 siria
1246 1256 1407 1306 doctissimis·

317 1331 433 1380 Ortelins
457 1329 483 1377 in
506 1330 585 1378 'lber-
624 1328 681 1378 Nec
710 1329 841 1391 displicet,
877 1332 956 1382 Anna.
972 1332 1079 1380 Scilicet
1090 1330 1189 1379 adet.
1200 1331 1260 1381 sitne
1274 1331 1407 1382 Hadriani.

315 1405 383 1470 qnod
397 1404 520 1455 censebat
534 1405 676 1454 cultissima
684 1402 759 1452 Anna
768 1405 841 1468 [vids
877 1407 964 1457 Amtz.

316 1479 379 1530 Not.
400 1480 508 1544 nemu]
529 1481 611 1530 latere
630 1494 723 1529 nomen
740 1481 841 1541 regum
909 1486 955 1549 §o
977 1482 1007 1531 irs
1024 1482 1125 1545 pestem]
1151 1482 1269 1545 Arguunt
1289 1485 1406 1548 legeret

314 1556 672 1622 quidsilitterasssequenti
682 1571 744 1605 voce
756 1556 841 1605 adbe-
877 1560 1082 1610 Constitutiones
1096 1560 1284 1622 Imperatorum
1299 1576 1406 1624 sequen·

314 1636 386 1695 serit,
396 1649 454 1684 enm
464 1634 581 1684 Serdonis
591 1634 723 1696 scripserit
734 1635 840 1683 auctor?
878 1636 941 1685 tlnm
953 1635 1037 1685 codici
1050 1636 1114 1686 libro
1127 1650 1180 1686 ιιι.
1192 1638 1305 1686 insertu-
1319 1637 1405 1686 Scitot-

316 1712 369 1761 Sed
393 1712 453 1761 talis
477 1720 537 1760 stunt
564 1712 672 1772 incerta,
694 1713 840 1775 presertim
877 1719 925 1763 tur.

315 1803 373 1838 cnm
385 1789 474 1837 nescio
485 1804 535 1854 qno
552 1786 606 1838 lato
622 1788 735 1850 optimus
747 1788 840 1851 princi·
910 1792 1029 1852 Profecto
1046 1793 1152 1841 medente
1169 1792 1293 1855 Anatolio]
1319 1789 1405 1841 Arum.

314 1880 375 1929 pum
387 1878 437 1915 nou
450 1880 504 1928 eoa,
515 1880 579 1929 qnos
590 1865 645 1929 ejus
658 1873 731 1929 gertr
743 1880 840 1914 merue-
877 1866 1044 1918 Marcellinus
1056 1868 1212 1918 lucidissime
1220 1868 1287 1919 banc
1297 1882 1349 1917 rem
1359 1867 1405 1917 lib.

315 1953 384 2004 runt,
395 1952 487 1993 nactus
499 1944 533 1992 sit
545 1943 688 2005 biatoricoa,
702 1959 753 2008 qus
769 1945 794 1992 in
812 1958 840 1994 re
879 1959 939 1996 ιιι.
961 1955 1077 1994 extremo
1103 1947 1229 2008 exponit:
1256 1943 1406 2009 ‘Quodque

314 2017 442 2069 feliciores
461 2018 567 2069 fuerunt
586 2020 630 2068 slii
653 2027 713 2069 ente
734 2026 761 2069 et
781 2025 842 2084 port
878 2023 999 2072 Anatolio
1016 2029 1123 2085 regente
1140 2030 1201 2071 tnnc
1214 2036 1261 2086 per
1273 2021 1405 2086 illyricum

315 2109 373 2144 eurn
386 2095 558 2158 Inperatores.
575 2096 663 2147 Arete.
877 2099 1068 2164 praefecturam,
1089 2100 1232 2148 necessarie
1251 2105 1345 2147 cuncta
1360 2097 1401 2144 rel

349 2173 396 2221 Cui
407 2171 466 2221 bello
475 2179 544 2236 utque
555 2172 685 2239 inperante]
703 2174 841 2223 neentis.
878 2183 937 2225 ante
955 2184 1057 2237 tempus
1078 2185 1168 2224 coactu
1184 2177 1240 2223 siue
1264 2173 1405 2222 nlliusdis·

312 2249 467 2313 lectio,qnoe
479 2251 500 2297 si
513 2251 610 2313 plscet,
619 2249 711 2316 aliquid
722 2251 789 2299 derit
798 2265 840 2300 ne·
878 2252 972 2315 pendio
983 2250 1138 2301 affluebant:
1152 2266 1200 2301 nec
1217 2251 1285 2301 enim
1297 2249 1405 2314 disposi-

315 2338 387 2373 cesse
400 2333 449 2374 est.
465 2324 559 2374 Solott.
879 2328 990 2377 tionibus
1002 2342 1112 2391 unquam
1126 2328 1232 2377 sltcrins
1243 2325 1405 2391 preelectum

347 2398 487 2462 Persurssm]
506 2401 574 2450 Vide
593 2414 672 2465 snpra
683 2415 707 2451 c.
719 2405 759 2450 11.
775 2404 842 2465 lit.
878 2404 922 2467 (nt
933 2405 1000 2454 iuter
1010 2419 1096 2454 omnes
1107 2406 1223 2462 constat)
1241 2404 1273 2452 ad
1292 2416 1405 2466 praeseus

314 2474 402 2524 Ariste.
879 2481 984 2531 Arctoae
995 2481 1133 2544 provinciae
1147 2481 1220 2529 bonis
1231 2478 1349 2527 omnibus
1360 2476 1406 2526 uo·

349 2552 462 2616 Goudro'e]
474 2553 568 2602 Suidns
579 2553 688 2617 xorpinr
699 2562 774 2603 vocet
786 2556 841 2604 sinc
878 2565 995 2613 ruerunt,
1007 2557 1169 2606 correctione
1186 2554 1349 2604 titubantium
1360 2553 1404 2602 be·

316 2631 340 2678 d.
358 2629 426 2693 Splb.
461 2629 528 2679 Vide
541 2631 638 2693 Spania.
649 2632 682 2679 de
694 2630 749 2680 Usu
761 2632 842 2682 Num.
877 2636 969 2684 nesola
997 2642 1024 2683 et
1051 2634 1151 2695 solerti,
1174 2632 1336 2681 rebiculariae
1364 2632 1403 2681 rei

315 2706 453 2768 diruant.
466 2719 492 2768 p.
504 2710 560 2754 578.
576 2705 663 2755 Ariste.
873 2710 985 2775 jacturis
997 2710 1144 2773 ingentibus
1160 2725 1217 2774 quae
1233 2710 1346 2758 clausere
1357 2708 1404 2758 do·

346 2783 393 2846 §b
417 2780 597 2830 ADomilluuo
613 2780 763 2844 contesora]
789 2780 842 2830 Pto
877 2802 933 2837 mus
955 2788 1102 2836 innumerus
1121 2794 1149 2836 et
1171 2787 1285 2836 censuali
1307 2784 1404 2850 proles-

314 2861 383 2919 enptn
401 2857 537 2919 legendnm
555 2856 642 2919 potins
660 2864 743 2920 copta.
768 2857 842 2920 Sylb.
878 2861 968 2925 aione,'
979 2867 1029 2912 dcc.
1046 2863 1166 2912 iliensinit
1176 2869 1205 2912 et
1215 2862 1260 2911 tib.
1276 2875 1337 2912 ιιι.
1355 2861 1405 2912 His

316 2934 428 2983 Pmnt
445 2947 594 2996 reponemus
609 2940 694 2997 copto,
709 2933 746 2983 uti
763 2935 840 3007 etiam
877 2939 946 2988 asnis
957 2947 1053 3002 autem,
1065 2939 1167 2989 scilicet
1183 2947 1243 2990 unte
1259 2940 1405 2990 Constantii

314 3009 418 3059 solebat
439 3010 591 3075 Sylburgius
613 3019 711 3060 noster.
742 3010 841 3061 Gruter.
878 3014 1120 3075 decimum,Jnliani
1130 3022 1215 3064 sutem
1228 3016 1334 3064 tertium
1345 3029 1406 3064 con·

314 3086 390 3137 Hanc
409 3089 584 3152 conjecturam
602 3088 696 3138 merito
713 3089 789 3138 etiarn
801 3104 841 3137 se·
877 3092 1006 3140 sntatnm:
1029 3091 1101 3154 cujus
1118 3091 1187 3154 apud
1206 3091 1316 3141 eundem
1333 3092 1404 3141 Mur·

314 3167 368 3216 cuti
385 3177 445 3215 snut
464 3167 563 3229 Lipsius
581 3167 665 3216 Elect.
684 3181 703 3216 ι.
719 3171 745 3216 8.
763 3176 790 3216 et
807 3165 839 3216 ad
877 3166 997 3215 cellinnsu
1015 3167 1113 3216 mentio
1130 3174 1217 3216 exstat
1232 3167 1277 3217 lib.
1291 3180 1340 3217 xx·
1356 3166 1404 3216 ini·

314 3241 393 3292 Plinii
406 3243 503 3305 Paueg.
514 3258 570 3306 cap.
579 3248 621 3292 til.
633 3251 660 3293 et
672 3243 803 3293 Nsrdinus
815 3245 840 3291 iu
879 3244 926 3293 tio.
943 3242 1036 3293 Sobott.

315 3319 399 3369 Romu
419 3320 511 3368 Veteri
535 3335 586 3369 uss.
607 3325 632 3371 9.
670 3322 734 3371 Mox
755 3322 840 3371 mulirn
909 3323 951 3385 §8
969 3321 1061 3383 Quippe
1074 3320 1116 3383 qni
1127 3320 1197 3370 Snrae
1206 3319 1338 3384 familiari]
1358 3320 1403 3368 Ere

314 3408 438 3458 reponere
451 3396 554 3445 excoluit
565 3410 596 3457 ea
614 3409 677 3444 roco
692 3396 839 3459 preceden·
877 3393 945 3445 forte
962 3405 1023 3446 sunt
1037 3397 1168 3454 Therme,
1180 3414 1242 3462 quas
1253 3396 1403 3451 Albertiuus

315 3473 344 3522 ti.
360 3475 447 3522 Ante.
876 3475 994 3537 Syriacas
1011 3475 1104 3536 dictas,
1118 3474 1205 3524 ne'scio
1221 3489 1270 3540 quo
1287 3479 1403 3530 essetnec,

348 3550 481 3613 Pistorssm]
504 3550 542 3599 Ea
560 3549 682 3599 hocloco
700 3549 841 3612 colligebat
876 3550 982 3599 scribit:
1008 3558 1080 3600 certe
1101 3551 1126 3599 in
1149 3550 1276 3598 Aventino
1298 3545 1403 3597 fuerunt

312 3625 476 3677 doctissimus
500 3627 604 3690 Lipsius
626 3626 710 3676 Elect.
729 3640 749 3676 1.
768 3629 792 3675 e.
813 3642 838 3690 p.
879 3625 1025 3676 Palatinum
1048 3641 1143 3681 sersus,
1165 3634 1194 3674 nt
1221 3633 1403 3675 commemorat

311 3707 369 3753 667.
376 3704 432 3766 jem
443 3719 458 3752 ss
468 3703 582 3766 Trajsno
594 3703 739 3751 institutum
752 3701 840 3767 fnisse,
879 3703 978 3758 Victor.
988 3703 1180 3753 Volaterrsnus‚
1191 3707 1218 3748 et
1232 3699 1345 3747 Mertisl.
1357 3701 1402 3751 lib.

313 3781 449 3844 ntpopnlu
464 3794 513 3829 non
529 3793 637 3839 sunone,
655 3786 684 3828 nt
701 3778 756 3827 tieri
774 3780 840 3830 solo·
878 3791 917 3829 va.
944 3778 1066 3842 ‘otiique
1088 3776 1160 3823 sidet
1186 3776 1289 3839 propius
1316 3779 1402 3840 magui

313 3856 422 3913 bnt,sed
435 3857 506 3919 panis
517 3856 727 3916 distribueretur3
738 3870 754 3904 a
765 3856 839 3917 cnjus
876 3857 1020 3905 certamina
1046 3851 1118 3911 circi,
1141 3849 1244 3900 Lundet
1265 3851 1402 3903 Auentinae

312 3934 445 3984 sententia
460 3934 579 3993 recessit,
589 3942 616 3981 et
628 3934 660 3981 sd
673 3933 839 3982 Aurelianum
878 3932 977 3980 ricinos
996 3930 1059 3977 Sura
1078 3925 1187 3975 Diana!
1220 3926 1251 3975 Iu
1271 3927 1403 3991 Spartiaul

312 4009 387 4074 hujus
405 4009 443 4058 rei
461 4024 533 4058 nsum
551 4009 640 4057 retulit
656 4009 795 4058 Salmasius
807 4010 839 4058 ad
877 4005 991 4056 Adriano
1003 4011 1126 4065 corrupte
1137 4001 1196 4051 olim
1209 4003 1345 4065 legebatur
1356 4005 1403 4055 Sas-

312 4085 417 4149 Vopisci
431 4084 519 4134 Aurei.
530 4097 554 4132 c.
565 4087 606 4132 25.
640 4085 748 4148 Reliqua
760 4085 839 4135 etiarn
876 4081 965 4132 immo
983 4093 1028 4142 pro
1040 4077 1111 4134 Suro,
1130 4086 1196 4128 teste
1213 4079 1334 4142 Baptisto
1350 4082 1403 4146 Ep·

312 4160 473 4210 illustrantur
484 4173 500 4210 a
510 4158 665 4223 Spanbemio
676 4160 708 4210 de
717 4161 774 4211 Usu
785 4163 839 4212 Nu·
878 4159 963 4208 ustio:
981 4155 1040 4205 ltulc
1051 4163 1137 4205 tutem
1153 4154 1284 4219 &noim
1294 4153 1362 4207 stum
1371 4157 1403 4207 τὸ
1423 4169 1425 4172 ’

313 4238 661 4302 mi.1)tss.xnr.p.oln.
676 4239 766 4290 Arsia.
876 4233 958 4288 πολλὰ
980 4235 1088 4298 γράφω.
1119 4231 1237 4286 lulianus
1257 4232 1326 4299 nien
1352 4234 1403 4300 περὶ
