3074 5040
415 385 667 438 innunvrnr.
691 383 895 445 urrrouuu,
918 384 1000 433 ouri
1024 383 1112 433 xrn.
1243 368 1309 436 805

220 531 510 595 Arrg.cap.2'l.Arnt2.
749 547 753 554 ¹
784 531 894 575 venutua
927 524 960 575 da
989 526 1137 576 Rambaidia
1159 526 1237 577 Libro
1260 528 1314 580 Au·

253 608 357 670 Horror]
375 607 463 670 Longe
480 604 570 653 melini
582 605 651 654 uncie
669 604 746 666 rigui·
784 610 852 667 gunt.
870 604 896 652 in
915 604 969 666 cjru
982 603 1051 652 rite:
1073 603 1221 666 ‘Trojannr
1241 612 1314 654 ortuo

218 685 304 736 ficatio
331 688 387 735 baec
410 686 553 734 illrutratur
576 699 591 731 a
612 683 746 733 Scribonio
785 680 966 743 Rornae,cnjna
983 679 1082 743 antiqui
1098 677 1204 729 fuerunt
1218 680 1315 745 Hispa·

219 765 303 827 Largo
326 777 410 824 cornp.
431 765 473 810 95.
495 760 593 809 ‘Tollit
617 768 747 822 praterea
784 757 831 808 ni!
847 760 935 807 Arnlz.

217 841 338 889 borroreu
367 837 466 886 febrem
493 835 697 899 precedentes!
719 842 747 884 et
817 835 895 883 Annio
914 833 1015 896 uiginti]
1037 832 1121 882 Annos
1144 832 1218 882 Laid.
1237 835 1313 895 alter,

218 916 322 979 Cupero
334 915 444 965 Obrcrr.
456 927 488 962 ιι.
502 916 539 960 lo.
556 913 643 961 Arutz.
760 958 766 970 ,
784 912 827 974 qni
840 926 899 960 mox
919 926 976 960 curn
996 909 1069 960 Leid.
1088 911 1168 975 priori
1184 911 1314 961 coluerint.

250 994 307 1057 §12
325 993 441 1042 Arruntii
457 991 584 1055 quondum]
600 990 698 1041 Honore
709 1005 745 1040 rc·
784 988 879 1039 Arutz.

217 1073 266 1121 loto
278 1069 439 1130 rupiacum
458 1067 486 1117 nt
502 1069 566 1118 velit
583 1069 615 1118 ab
627 1068 746 1130 Augusto
816 1069 856 1131 §2
874 1067 1023 1117 Summarum
1043 1065 1198 1130 scriptorum]
1218 1066 1315 1129 Expla-

217 1146 284 1195 buuc
296 1147 406 1195 alterum
417 1159 473 1194 aare
492 1146 533 1194 cui
551 1146 630 1194 bonor
644 1146 665 1194 ir
677 1144 745 1194 obti-
783 1142 823 1194 bit
836 1144 960 1194 lectorem
973 1145 1012 1193 rel
1025 1158 1088 1192 unur
1104 1143 1184 1191 Plinii
1195 1142 1315 1208 Panegy-

217 1219 745 1285 gerit‚ntbnmcriarenatornmdeferre·
784 1220 872 1284 ricus„
901 1219 1047 1269 Dolendum
1076 1234 1120 1268 cos
1151 1220 1314 1271 intercidirre

218 1307 261 1347 tur
273 1298 304 1348 ad
323 1299 482 1361 repulerum:
501 1299 608 1356 reiciunt,
619 1301 745 1347 eat‘rur·
783 1300 827 1365 qui
850 1301 954 1364 Trajaui
979 1300 1056 1349 uitam
1081 1299 1185 1363 copiose
1206 1300 1232 1350 in
1256 1300 1316 1349 lita·

218 1390 273 1424 turn
293 1374 390 1430 latnm‚’
409 1389 439 1423 ac
456 1371 746 1436 ‘repetitnrnz'allutit
783 1390 824 1423 rar
853 1376 987 1434 miserunt,
1010 1375 1137 1423 ‘Marium
1162 1373 1317 1435 Maximum,
1347 1388 1349 1391 ·

218 1449 288 1501 forte
299 1452 331 1501 ed
354 1467 395 1515 ea,
412 1467 467 1514 qun
479 1450 604 1500 habemur
617 1451 643 1499 in
656 1451 745 1499 Victo·
783 1452 890 1502 Fabium
907 1453 1098 1507 Marcellinum,
1116 1450 1250 1500 Aurelium
1262 1451 1315 1500 Vc·

217 1529 253 1576 rir
267 1529 413 1578 Caesaribus
424 1527 476 1577 fine
487 1527 630 1591 capulans.
651 1527 741 1577 Grute·
784 1543 848 1591 rnm,
871 1531 981 1578 Statium
1001 1529 1149 1590 Valentem,
1173 1542 1237 1590 quor
1263 1528 1315 1576 lau·
1406 1523 1409 1526 ’

216 1618 266 1652 rur.
784 1606 830 1655 dat
842 1607 1005 1670 Lampridius
1015 1608 1041 1654 iu
1053 1605 1202 1654 Alexandro
1211 1607 1316 1656 Seuero.

251 1680 317 1729 Cur,
330 1682 420 1745 xut.§
436 1681 449 1727 l
475 1681 517 1728 En
532 1679 590 1728 urbe
604 1676 746 1740 Tudertino]
785 1683 906 1730 Ceterum
917 1681 1038 1744 porteain
1048 1690 1138 1728 acuatu
1149 1681 1314 1742 Principibus

216 1756 303 1804 Tuder
321 1773 371 1807 non
389 1757 476 1819 ignota
492 1756 553 1805 urba
569 1766 609 1805 est
622 1757 747 1817 Umbriae,
783 1757 868 1808 felicio
878 1760 968 1808 omlnir
979 1764 1005 1805 et
1017 1757 1116 1818 augurii
1130 1757 1314 1804 cauaraaccla-

217 1833 399 1895 cnjnrincolae
416 1833 543 1881 Tuderter
561 1831 748 1894 et'l'rrdertini,
783 1838 913 1896 ruebatur,
946 1837 1034 1885 ‘Esto
1056 1834 1159 1883 felicior
1187 1832 1315 1895 Augurto,

217 1917 244 1956 et
259 1907 318 1955 irinc
336 1908 388 1955 dici
409 1914 497 1970 puteat
515 1909 576 1955 urbo
593 1907 748 1966 Tudertina‚
783 1910 1011 1974 melior'l'rnjanol
1032 1909 1206 1973 S.C.qnoque
1217 1908 1314 1958 iactum

217 1990 246 2029 ut
265 1982 326 2030 urbo
347 1982 462 2031 Romana
483 1990 509 2029 ct
529 1982 621 2029 cimilia
642 1982 746 2043 paeriru.
783 1997 869 2048 emur
882 1996 889 2018 ⁴
901 1985 1234 2051 optimue’appcssarctur.
1253 1984 1313 2046 Dio,

217 2056 286 2109 Quid
302 2057 323 2104 ri
341 2057 439 2119 origiue
452 2056 594 2119 Hispanus,
607 2059 746 2107 nativitate
782 2066 932 2129 Eutropius,
949 2065 1042 2115 Sclott.

216 2147 278 2182 raro
288 2133 448 2182 Tudertinus
459 2131 538 2182 fuerit
549 2135 661 2197 optimus
671 2135 745 2183 Prin·
815 2146 856 2207 §a
873 2145 944 2206 Apud
957 2139 1127 2204 Agrippinam]
1152 2139 1233 2204 [vida
1248 2141 1314 2190 Not.

217 2209 324 2272 cipum?
360 2211 454 2275 Neque
476 2211 524 2261 boc
545 2210 745 2274 rideturdiapli·
782 2219 891 2282 nuptu]
922 2218 974 2268 Sed
994 2225 1130 2282 utrumque
1148 2232 1235 2266 errare
1248 2217 1312 2267 vidit

216 2300 277 2335 cere
292 2287 378 2350 Liprio
390 2288 422 2336 ad
434 2288 512 2336 Plinii
524 2289 745 2352 Paneg.eap.lt.
782 2296 933 2345 Dodwellnr
961 2294 1085 2343 camden.
1107 2293 1186 2343 Praei.
1209 2307 1248 2342 vr.
1279 2293 1313 2343 ad

217 2364 231 2426 ς
243 2368 267 2412 5.
278 2364 321 2428 qui
338 2371 366 2414 et
381 2364 415 2413 ibi
428 2365 454 2414 in
469 2366 526 2415 urbe
537 2367 673 2416 Turdetono
684 2381 745 2415 con·
782 2373 960 2437 spartianum.
976 2370 1063 2420 Arntz.

214 2438 335 2503 jiciebat.
369 2439 420 2490 Sed
441 2441 467 2489 in
485 2457 516 2490 eo
533 2443 588 2490 aine
605 2442 745 2492 dnbioial·
815 2447 938 2513 §tella
960 2445 1071 2510 numne]
1104 2447 1146 2495 Dc
1170 2446 1313 2497 vinolenti·

219 2530 263 2565 our
285 2524 333 2566 est.
366 2516 463 2566 Confer
481 2517 644 2567 Dodrrellnm
668 2520 747 2569 Praei·
783 2521 1232 2588 insraquoquain'l'beodorionili.
1258 2523 1314 2573 Sci-

219 2593 310 2643 eamd.
326 2594 359 2643 ad
378 2595 512 2657 Spartiaoi
532 2593 661 2644 Hadrian.
676 2599 746 2662 rv.§
784 2606 838 2650 trun
850 2600 913 2650 illud
926 2600 1044 2660 Catonis,
1058 2597 1164 2648 ‘Unum
1181 2599 1313 2649 Curare·

219 2675 244 2719 6.
278 2672 336 2720 Nec
357 2670 511 2720 crediderim
534 2672 594 2721 buic
616 2673 655 2722 rei
676 2673 746 2724 illor-
784 2677 942 2728 cobriumrd
955 2676 1140 2740 rempublicam
1157 2676 1316 2728 accersitae!

217 2747 317 2796 trandae
337 2750 445 2797 multum
465 2746 550 2798 iacere
569 2750 648 2800 rerba
667 2751 747 2801 Plinii
784 2755 1088 2805 Suetoncaererenbb.
1122 2752 1313 2816 Herbaparie·

217 2823 314 2886 Paneg.
327 2825 343 2873 l.
355 2826 373 2875 l.
385 2825 427 2889 qui
440 2834 566 2876 memorat
576 2828 677 2891 Trajoui
686 2831 694 2855 ⁴
702 2843 746 2891 pa·
785 2831 837 2880 tina
849 2830 937 2880 dictnt
948 2829 1016 2879 infra
1026 2844 1050 2879 c.
1059 2832 1098 2878 43.
1134 2830 1174 2878 De
1184 2830 1312 2891 Pompeia

217 2902 295 2949 trium
305 2917 409 2957 morem,
419 2904 529 2965 patriam
540 2906 746 2972 rirtntem,'qua·
785 2908 891 2958 Plotina
902 2922 925 2957 c.
936 2910 978 2957 44.
995 2915 1023 2957 et
1034 2907 1059 2954 in
1071 2905 1216 2956 Theodosio
1227 2907 1313 2971 plura.

216 2980 238 3027 ai
257 2978 290 3026 ibi
308 2982 454 3030 necessario
467 2982 563 3032 italica
574 2999 618 3033 aen
632 2986 747 3035 Romana
784 2985 877 3034 Scbott.

217 3054 475 3115 intelligendaeroct.
508 3060 745 3124 Cumutiqnecou-
816 3061 1013 3127 §obiberuiid
1040 3058 1263 3112 Quemadmodum
1286 3061 1312 3110 iu

217 3136 280 3189 utet,
291 3130 391 3180 Italica
404 3132 500 3182 incolat
516 3133 596 3183 futare
608 3137 747 3199 Romanor,
785 3139 880 3187 arnicoa
888 3136 966 3185 comio
974 3142 1043 3183 cruet
1055 3135 1178 3183 rationem
1188 3136 1242 3197 ipro
1254 3136 1313 3184 red·

217 3208 305 3270 Scipio
329 3208 395 3256 cuim
420 3207 457 3256 itu
478 3209 575 3259 militer
599 3211 746 3263 vrrlnertbur
771 3206 1021 3276 ‘ditapnd'unnop
1044 3209 1310 3263 ‘Liberaliriucunc·

216 3283 333 3333 defertor
357 3284 473 3347 reliquit,
496 3285 556 3334 iude
580 3287 745 3352 municipium
784 3296 837 3336 tor:
856 3287 957 3349 publice
970 3285 1142 3347 privatimque
1160 3285 1243 3334 ditaua
1258 3301 1312 3335 om·

216 3359 313 3417 inibat
334 3366 425 3420 porte·
442 3360 551 3409 colonia.
586 3361 682 3425 Captet
700 3378 745 3427 po·
784 3379 839 3425 ner,
859 3371 886 3410 et
904 3361 1042 3409 bonoribna
1065 3374 1169 3423 angens,
1187 3375 1252 3424 qnos
1270 3363 1311 3411 rel

218 3438 267 3485 tina
286 3435 488 3484 benevolentiam
500 3435 629 3499 Principii
648 3447 746 3496 orator,
784 3439 909 3489 mediocri
933 3435 1108 3485 familiaritate
1132 3437 1314 3501 cognovisset!

218 3513 261 3576 qui
283 3513 371 3561 mallet
391 3513 512 3561 Romanoa
531 3527 607 3576 quam
629 3523 744 3567 externa
783 3516 876 3565 Sebotl.
892 3521 920 3562 et
936 3513 1018 3562 Auno.

216 3589 317 3638 civitati
341 3587 460 3637 adrcribi.
498 3587 594 3638 Confer
616 3591 745 3642 Caaaubo·
816 3589 998 3656 bolanorum]
1016 3587 1214 3639 luCeeaaribur.
1230 3590 1312 3641 Anno.

216 3681 276 3715 unm
296 3666 327 3715 ad
348 3666 476 3728 Spartiani
497 3664 582 3715 Hadr.
603 3682 661 3729 cap.
679 3673 702 3718 1.
719 3677 746 3719 et
783 3669 818 3718 Et
838 3667 966 3717 Bellorinr
985 3666 1010 3715 in
1027 3666 1188 3728 Fragmentia
1209 3667 1312 3730 vestigii

217 3744 356 3792 cellarium
377 3743 523 3805 (lengun.
542 3747 565 3791 l.
583 3757 609 3807 p.
629 3748 672 3794 5³.
710 3747 745 3796 Et
784 3743 984 3794 reterirRornae
1005 3741 1038 3790 ad
1061 3742 1115 3791 tab.
1136 3756 1174 3791 ιν.
1197 3751 1311 3794 tomrv.

218 3828 304 3870 tamen
315 3821 363 3870 boc
376 3828 553 3882 argumentum
571 3822 679 3884 primunr
692 3838 746 3873 mo·
783 3822 858 3870 Ther.
875 3821 950 3869 Rom.
966 3819 1053 3868 Arntz.

217 3900 255 3947 uit
276 3898 400 3960 lipsium,
418 3904 446 3945 et
465 3896 572 3945 ulterior
593 3900 659 3946 uruit
676 3899 745 3949 Dod·
816 3901 857 3963 §l
875 3897 994 3960 Prodere]
1006 3896 1118 3944 Promerc
1130 3896 1255 3958 scripturn
1268 3896 1311 3945 ba·

217 3979 314 4026 rrellne.
353 3978 409 4039 Ego
431 3976 507 4024 fidem
529 3979 642 4027 auctori·
664 3981 745 4030 nostri
785 3974 850 4024 lit-⁸0²
870 3972 1185 4036 V¹¹¹8⁰W⁰d²r0·scll⁰it·
1217 3972 1312 4024 Pouet

216 4052 338 4102 damnare
346 4067 397 4100 non
406 4054 504 4112 audeo;
523 4053 746 4118 potiusrurpenuo
785 4049 890 4099 defendi
908 4059 1054 4113 utrumque.
1073 4049 1217 4099 ‘Promerc
1240 4065 1313 4100 carre-

212 4126 348 4191 jndicinm,
370 4141 426 4176 curn
446 4128 583 4176 ueritatem
605 4144 651 4191 pro
672 4138 746 4181 certo
784 4126 853 4179 eam'
871 4126 937 4174 dixit
949 4125 1061 4174 Rutilius
1073 4124 1137 4174 Itiu-
1155 4139 1173 4174 ι.
1189 4130 1247 4175 287.
1264 4141 1311 4191 pro

217 4201 353 4254 adfirmare
370 4202 529 4266 prohibuerit
545 4206 667 4271 iniquiter
683 4215 747 4259 tem·
785 4221 836 4272 quo
851 4202 978 4268 ‘prodere
1000 4201 1130 4269 canrum'
1146 4203 1215 4267 apud
1232 4204 1311 4255 ovid.

216 4294 317 4349 porum.
350 4278 440 4331 Roma
457 4281 645 4335 eumriudicat
663 4284 748 4336 Bane·
785 4282 964 4334 Fart.v.tl⁹8.
997 4278 1099 4333 cenea
1114 4285 1199 4328 muron
1214 4281 1312 4344 prodm
