<?xml version="1.0" encoding="UTF-8"?>
<!DOCTYPE html PUBLIC "-//W3C//DTD XHTML 1.0 Transitional//EN"
    "http://www.w3.org/TR/xhtml1/DTD/xhtml1-transitional.dtd">
<html xmlns="http://www.w3.org/1999/xhtml" xml:lang="en" lang="en">
 <head>
  <title>
</title>
<meta http-equiv="Content-Type" content="text/html;charset=utf-8" />
  <meta name='ocr-system' content='tesseract 3.04.00' />
  <meta name='ocr-capabilities' content='ocr_page ocr_carea ocr_par ocr_line ocrx_word'/>
</head>
<body>
  <div class='ocr_page' id='page_1' title='image "./sextiaureliivic02victgoog_0304.png"; bbox 0 0 3074 5040; ppageno 0'>
   <div class='ocr_carea' id='block_1_1' title="bbox 265 332 1235 406">
    <p class='ocr_par' dir='ltr' id='par_1_1' title="bbox 265 332 1235 406">
     <span class='ocr_line' id='line_1_1' title="bbox 265 332 1235 406; baseline -0.002 -5"><span class='ocrx_word' id='word_1_1' title='bbox 265 351 407 401; x_wconf 80' lang='lat' dir='ltr'><strong>aunan.</strong></span> <span class='ocrx_word' id='word_1_2' title='bbox 430 351 530 399; x_wconf 86' lang='lat' dir='ltr'><strong>vrcr.</strong></span> <span class='ocrx_word' id='word_1_3' title='bbox 554 351 603 399; x_wconf 85' lang='lat' dir='ltr'><strong>nn</strong></span> <span class='ocrx_word' id='word_1_4' title='bbox 626 346 845 400; x_wconf 78' lang='lat' dir='ltr'><strong>casuurnua</strong></span> <span class='ocrx_word' id='word_1_5' title='bbox 868 348 950 399; x_wconf 83' lang='lat' dir='ltr'><strong>oar.</strong></span> <span class='ocrx_word' id='word_1_6' title='bbox 973 347 1124 398; x_wconf 85' lang='lat' dir='ltr'><strong>xxxix.</strong></span> <span class='ocrx_word' id='word_1_7' title='bbox 1171 332 1235 406; x_wconf 74' lang='lat'><strong>751</strong></span> 
     </span>
    </p>
   </div>
   <div class='ocr_carea' id='block_1_2' title="bbox 141 491 1238 1170">
    <p class='ocr_par' dir='ltr' id='par_1_2' title="bbox 141 491 1238 777">
     <span class='ocr_line' id='line_1_2' title="bbox 175 491 1238 560; baseline 0.001 -15"><span class='ocrx_word' id='word_1_8' title='bbox 175 495 342 560; x_wconf 74' lang='lat' dir='ltr'><strong>Gabenaadi]</strong></span> <span class='ocrx_word' id='word_1_9' title='bbox 358 495 422 546; x_wconf 79' lang='lat' dir='ltr'><strong>Mox</strong></span> <span class='ocrx_word' id='word_1_10' title='bbox 437 493 672 550; x_wconf 60' lang='lat' dir='ltr'><strong>addemliaauaa,</strong></span> <span class='ocrx_word' id='word_1_11' title='bbox 709 505 804 543; x_wconf 40' lang='lat' dir='ltr'><strong>norum*</strong></span> <span class='ocrx_word' id='word_1_12' title='bbox 821 491 914 557; x_wconf 76' lang='lat' dir='ltr'><strong>pirata</strong></span> <span class='ocrx_word' id='word_1_13' title='bbox 935 492 963 543; x_wconf 88' lang='lat' dir='ltr'><strong>in</strong></span> <span class='ocrx_word' id='word_1_14' title='bbox 989 492 1080 544; x_wconf 85' lang='lat' dir='ltr'><strong>oceani</strong></span> <span class='ocrx_word' id='word_1_15' title='bbox 1102 491 1238 546; x_wconf 75' lang='lat' dir='ltr'><strong>litoribuu’</strong></span> 
     </span>
     <span class='ocr_line' id='line_1_3' title="bbox 141 566 1237 637; baseline -0.009 -15"><span class='ocrx_word' id='word_1_16' title='bbox 141 578 248 624; x_wconf 66' lang='lat' dir='ltr'><strong>“mcci</strong></span> <span class='ocrx_word' id='word_1_17' title='bbox 265 573 382 637; x_wconf 84' lang='lat' dir='ltr'><strong>requitur</strong></span> <span class='ocrx_word' id='word_1_18' title='bbox 398 571 504 622; x_wconf 83' lang='lat' dir='ltr'><strong>Salluat.</strong></span> <span class='ocrx_word' id='word_1_19' title='bbox 514 571 592 622; x_wconf 83' lang='lat' dir='ltr'><strong>Catil.</strong></span> <span class='ocrx_word' id='word_1_20' title='bbox 608 584 635 619; x_wconf 85' lang='lat' dir='ltr'><strong>c.</strong></span> <span class='ocrx_word' id='word_1_21' title='bbox 645 576 670 620; x_wconf 80' lang='lat' dir='ltr'><strong>d.</strong></span> <span class='ocrx_word' id='word_1_22' title='bbox 710 566 787 616; x_wconf 83' lang='lat' dir='ltr'><strong>Adde</strong></span> <span class='ocrx_word' id='word_1_23' title='bbox 802 577 830 618; x_wconf 86' lang='lat' dir='ltr'><strong>at</strong></span> <span class='ocrx_word' id='word_1_24' title='bbox 847 568 953 618; x_wconf 79' lang='lat' dir='ltr'><strong>Ferrum</strong></span> <span class='ocrx_word' id='word_1_25' title='bbox 967 569 992 617; x_wconf 92' lang='lat' dir='ltr'><strong>ln</strong></span> <span class='ocrx_word' id='word_1_26' title='bbox 1002 583 1066 618; x_wconf 82' lang='lat' dir='ltr'><strong>voca</strong></span> <span class='ocrx_word' id='word_1_27' title='bbox 1077 568 1237 634; x_wconf 48' lang='lat' dir='ltr'><strong>*Myoparq’</strong></span> 
     </span>
     <span class='ocr_line' id='line_1_4' title="bbox 141 644 1238 714; baseline -0.005 -14"><span class='ocrx_word' id='word_1_28' title='bbox 141 650 316 714; x_wconf 68' lang='lat' dir='ltr'><strong>§2‘1biqua</strong></span> <span class='ocrx_word' id='word_1_29' title='bbox 330 650 495 713; x_wconf 79' lang='lat' dir='ltr'><strong>juventutem</strong></span> <span class='ocrx_word' id='word_1_30' title='bbox 511 661 671 698; x_wconf 79' lang='lat' dir='ltr'><strong>aaamaxar·</strong></span> <span class='ocrx_word' id='word_1_31' title='bbox 708 652 737 694; x_wconf 89' lang='lat' dir='ltr'><strong>at</strong></span> <span class='ocrx_word' id='word_1_32' title='bbox 757 647 765 674; x_wconf 88' lang='lat'>‘</span> <span class='ocrx_word' id='word_1_33' title='bbox 782 644 919 695; x_wconf 84' lang='lat' dir='ltr'><strong>Parorea.&#39;</strong></span> <span class='ocrx_word' id='word_1_34' title='bbox 950 645 1044 695; x_wconf 76' lang='lat' dir='ltr'><strong>fluidaa</strong></span> <span class='ocrx_word' id='word_1_35' title='bbox 1069 646 1095 696; x_wconf 86' lang='lat' dir='ltr'><strong>in</strong></span> <span class='ocrx_word' id='word_1_36' title='bbox 1122 650 1238 709; x_wconf 64' lang='lat' dir='ltr'><strong>liupdrud</strong></span> 
     </span>
     <span class='ocr_line' id='line_1_5' title="bbox 141 719 1238 777; baseline 0.002 -2"><span class='ocrx_word' id='word_1_37' title='bbox 141 725 222 777; x_wconf 71' lang='lat' dir='ltr'><strong>culte*</strong></span> <span class='ocrx_word' id='word_1_38' title='bbox 241 725 285 776; x_wconf 89' lang='lat' dir='ltr'><strong>ubi</strong></span> <span class='ocrx_word' id='word_1_39' title='bbox 296 725 410 775; x_wconf 74' lang='lat' dir='ltr'><strong>Cortice.</strong></span> <span class='ocrx_word' id='word_1_40' title='bbox 425 723 514 775; x_wconf 73' lang='lat' dir='ltr'><strong>Araia.</strong></span> <span class='ocrx_word' id='word_1_41' title='bbox 708 719 778 770; x_wconf 79' lang='lat' dir='ltr'><strong>Saxo</strong></span> <span class='ocrx_word' id='word_1_42' title='bbox 790 719 905 772; x_wconf 78' lang='lat' dir='ltr'><strong>Gnmm.</strong></span> <span class='ocrx_word' id='word_1_43' title='bbox 922 720 994 770; x_wconf 86' lang='lat' dir='ltr'><strong>Hiat.</strong></span> <span class='ocrx_word' id='word_1_44' title='bbox 1011 721 1162 774; x_wconf 72' lang='lat' dir='ltr'><strong>Danic01ib.</strong></span> <span class='ocrx_word' id='word_1_45' title='bbox 1175 737 1238 777; x_wconf 82' lang='lat' dir='ltr'><strong>rur.</strong></span> 
     </span>
    </p>

    <p class='ocr_par' dir='ltr' id='par_1_3' title="bbox 141 796 1238 1170">
     <span class='ocr_line' id='line_1_6' title="bbox 174 796 1237 864; baseline 0 -14"><span class='ocrx_word' id='word_1_46' title='bbox 174 801 345 864; x_wconf 75' lang='lat' dir='ltr'><strong>Propalraadia</strong></span> <span class='ocrx_word' id='word_1_47' title='bbox 360 797 498 862; x_wconf 67' lang='lat' dir='ltr'><strong>canuc]</strong></span> <span class='ocrx_word' id='word_1_48' title='bbox 517 798 625 850; x_wconf 77' lang='lat' dir='ltr'><strong>Francia</strong></span> <span class='ocrx_word' id='word_1_49' title='bbox 644 803 672 850; x_wconf 83' lang='lat' dir='ltr'><strong>el</strong></span> <span class='ocrx_word' id='word_1_50' title='bbox 709 810 770 862; x_wconf 76' lang='lat' dir='ltr'><strong>pag.</strong></span> <span class='ocrx_word' id='word_1_51' title='bbox 787 800 844 846; x_wconf 68' lang='lat' dir='ltr'><strong>lto.</strong></span> <span class='ocrx_word' id='word_1_52' title='bbox 861 796 1004 860; x_wconf 80' lang='lat' dir='ltr'><strong>‘Syrnidua</strong></span> <span class='ocrx_word' id='word_1_53' title='bbox 1023 796 1142 849; x_wconf 80' lang='lat' dir='ltr'>undecim</span> <span class='ocrx_word' id='word_1_54' title='bbox 1154 799 1237 850; x_wconf 85' lang='lat' dir='ltr'><strong>aaiorn</strong></span> 
     </span>
     <span class='ocr_line' id='line_1_7' title="bbox 141 872 1238 939; baseline -0.001 -10"><span class='ocrx_word' id='word_1_55' title='bbox 141 878 300 936; x_wconf 80' lang='lat' dir='ltr'><strong>Saaouibua,</strong></span> <span class='ocrx_word' id='word_1_56' title='bbox 323 877 391 926; x_wconf 80' lang='lat' dir='ltr'><strong>idom</strong></span> <span class='ocrx_word' id='word_1_57' title='bbox 413 875 574 939; x_wconf 76' lang='lat' dir='ltr'><strong>Eutropiuar</strong></span> <span class='ocrx_word' id='word_1_58' title='bbox 592 876 671 924; x_wconf 87' lang='lat' dir='ltr'><strong>‘caro</strong></span> <span class='ocrx_word' id='word_1_59' title='bbox 708 873 849 935; x_wconf 88' lang='lat' dir='ltr'><strong>paronibua</strong></span> <span class='ocrx_word' id='word_1_60' title='bbox 869 872 982 925; x_wconf 85' lang='lat' dir='ltr'><strong>auicat:&#39;</strong></span> <span class='ocrx_word' id='word_1_61' title='bbox 1003 875 1047 924; x_wconf 89' lang='lat' dir='ltr'><strong>ubi</strong></span> <span class='ocrx_word' id='word_1_62' title='bbox 1066 875 1238 928; x_wconf 83' lang='lat' dir='ltr'><strong>conferandua</strong></span> 
     </span>
     <span class='ocr_line' id='line_1_8' title="bbox 142 950 1236 1018; baseline 0.002 -14"><span class='ocrx_word' id='word_1_63' title='bbox 142 953 212 1018; x_wconf 87' lang='lat' dir='ltr'><strong>apud</strong></span> <span class='ocrx_word' id='word_1_64' title='bbox 230 950 394 1008; x_wconf 83' lang='lat' dir='ltr'><strong>Bononiau.’</strong></span> <span class='ocrx_word' id='word_1_65' title='bbox 410 952 505 1016; x_wconf 87' lang='lat' dir='ltr'><strong>inquit,</strong></span> <span class='ocrx_word' id='word_1_66' title='bbox 522 952 586 1015; x_wconf 81' lang='lat' dir='ltr'><strong>‘per</strong></span> <span class='ocrx_word' id='word_1_67' title='bbox 604 960 671 1000; x_wconf 78' lang='lat' dir='ltr'><strong>trac·</strong></span> <span class='ocrx_word' id='word_1_68' title='bbox 708 950 873 1014; x_wconf 80' lang='lat' dir='ltr'><strong>Stephaniua.</strong></span> <span class='ocrx_word' id='word_1_69' title='bbox 885 952 994 1002; x_wconf 85' lang='lat' dir='ltr'><strong>Voaaina</strong></span> <span class='ocrx_word' id='word_1_70' title='bbox 1012 953 1138 1018; x_wconf 78' lang='lat' dir='ltr'><strong>inEtyna.</strong></span> <span class='ocrx_word' id='word_1_71' title='bbox 1151 955 1236 1007; x_wconf 77' lang='lat' dir='ltr'><strong>etilo</strong></span> 
     </span>
     <span class='ocr_line' id='line_1_9' title="bbox 141 1025 1236 1092; baseline -0.002 -12"><span class='ocrx_word' id='word_1_72' title='bbox 141 1037 197 1080; x_wconf 86' lang='lat' dir='ltr'><strong>tum</strong></span> <span class='ocrx_word' id='word_1_73' title='bbox 208 1029 324 1092; x_wconf 73' lang='lat' dir='ltr'><strong>Belgica</strong></span> <span class='ocrx_word' id='word_1_74' title='bbox 335 1038 362 1080; x_wconf 91' lang='lat' dir='ltr'><strong>et</strong></span> <span class='ocrx_word' id='word_1_75' title='bbox 373 1029 515 1080; x_wconf 71' lang='lat' dir='ltr'><strong>Armorica</strong></span> <span class='ocrx_word' id='word_1_76' title='bbox 528 1028 671 1091; x_wconf 73' lang='lat' dir='ltr'><strong>pacandum</strong></span> <span class='ocrx_word' id='word_1_77' title='bbox 708 1025 936 1089; x_wconf 75' lang='lat' dir='ltr'><strong>Cananloar.in</strong></span> <span class='ocrx_word' id='word_1_78' title='bbox 952 1026 1056 1078; x_wconf 81' lang='lat' dir='ltr'><strong>‘Paro&#39;</strong></span> <span class='ocrx_word' id='word_1_79' title='bbox 1085 1029 1186 1080; x_wconf 78' lang='lat' dir='ltr'><strong>Duker.</strong></span> <span class='ocrx_word' id='word_1_80' title='bbox 1202 1029 1236 1079; x_wconf 86' lang='lat' dir='ltr'><strong>ad</strong></span> 
     </span>
     <span class='ocr_line' id='line_1_10' title="bbox 141 1101 1237 1170; baseline -0.001 -13"><span class='ocrx_word' id='word_1_81' title='bbox 141 1121 213 1157; x_wconf 86' lang='lat' dir='ltr'><strong>rnara</strong></span> <span class='ocrx_word' id='word_1_82' title='bbox 240 1107 395 1168; x_wconf 84' lang='lat' dir='ltr'><strong>accepiraat‚</strong></span> <span class='ocrx_word' id='word_1_83' title='bbox 426 1105 496 1170; x_wconf 88' lang='lat' dir='ltr'><strong>quod</strong></span> <span class='ocrx_word' id='word_1_84' title='bbox 523 1103 616 1155; x_wconf 84' lang='lat' dir='ltr'><strong>Franci</strong></span> <span class='ocrx_word' id='word_1_85' title='bbox 643 1110 672 1154; x_wconf 86' lang='lat' dir='ltr'><strong>et</strong></span> <span class='ocrx_word' id='word_1_86' title='bbox 708 1101 1237 1168; x_wconf 73' lang='lat' dir='ltr'><strong>Florum111.o§r.acqnavoruiuaad</strong></span> 
     </span>
    </p>
   </div>
   <div class='ocr_carea' id='block_1_3' title="bbox 41 1174 1238 1246">
    <p class='ocr_par' dir='ltr' id='par_1_4' title="bbox 41 1174 1238 1246">
     <span class='ocr_line' id='line_1_11' title="bbox 41 1174 1238 1246; baseline 0 -13"><span class='ocrx_word' id='word_1_87' title='bbox 41 1174 46 1187; x_wconf 71' lang='lat'><em>⁶</em></span> <span class='ocrx_word' id='word_1_88' title='bbox 141 1183 256 1233; x_wconf 69' lang='lat' dir='ltr'><strong>&amp;nonar</strong></span> <span class='ocrx_word' id='word_1_89' title='bbox 273 1180 443 1243; x_wconf 58' lang='lat' dir='ltr'><strong>innatabant,</strong></span> <span class='ocrx_word' id='word_1_90' title='bbox 457 1179 545 1232; x_wconf 83' lang='lat' dir='ltr'><strong>multia</strong></span> <span class='ocrx_word' id='word_1_91' title='bbox 555 1178 672 1230; x_wconf 88' lang='lat' dir='ltr'><strong>barbaria</strong></span> <span class='ocrx_word' id='word_1_92' title='bbox 708 1177 766 1227; x_wconf 87' lang='lat' dir='ltr'><strong>Vai.</strong></span> <span class='ocrx_word' id='word_1_93' title='bbox 777 1178 922 1229; x_wconf 78' lang='lat' dir='ltr'><strong>Maximum</strong></span> <span class='ocrx_word' id='word_1_94' title='bbox 934 1193 967 1229; x_wconf 81' lang='lat' dir='ltr'><strong>rr.</strong></span> <span class='ocrx_word' id='word_1_95' title='bbox 978 1184 1002 1231; x_wconf 80' lang='grc'><strong>8.</strong></span> <span class='ocrx_word' id='word_1_96' title='bbox 1014 1195 1056 1232; x_wconf 81' lang='lat' dir='ltr'><strong>aa.</strong></span> <span class='ocrx_word' id='word_1_97' title='bbox 1068 1185 1094 1231; x_wconf 80' lang='lat' dir='ltr'><strong>b.</strong></span> <span class='ocrx_word' id='word_1_98' title='bbox 1112 1181 1238 1246; x_wconf 79' lang='lat' dir='ltr'><strong>Apuleiua</strong></span> 
     </span>
    </p>
   </div>
   <div class='ocr_carea' id='block_1_4' title="bbox 141 1251 1239 2166">
    <p class='ocr_par' dir='ltr' id='par_1_5' title="bbox 141 1251 1239 2166">
     <span class='ocr_line' id='line_1_12' title="bbox 144 1251 1236 1324; baseline 0 -16"><span class='ocrx_word' id='word_1_99' title='bbox 144 1272 215 1322; x_wconf 73' lang='lat' dir='ltr'><strong>rapa</strong></span> <span class='ocrx_word' id='word_1_100' title='bbox 226 1255 330 1322; x_wconf 84' lang='lat' dir='ltr'><strong>captia.&#39;</strong></span> <span class='ocrx_word' id='word_1_101' title='bbox 362 1257 439 1308; x_wconf 83' lang='lat' dir='ltr'><strong>Unda</strong></span> <span class='ocrx_word' id='word_1_102' title='bbox 450 1256 559 1324; x_wconf 72' lang='lat' dir='ltr'><strong>conjicio</strong></span> <span class='ocrx_word' id='word_1_103' title='bbox 567 1256 672 1306; x_wconf 82' lang='lat' dir='ltr'><strong>rnoxle·</strong></span> <span class='ocrx_word' id='word_1_104' title='bbox 708 1251 788 1316; x_wconf 79' lang='lat' dir='ltr'><strong>Apol.</strong></span> <span class='ocrx_word' id='word_1_105' title='bbox 800 1268 826 1317; x_wconf 92' lang='lat' dir='ltr'><strong>p.</strong></span> <span class='ocrx_word' id='word_1_106' title='bbox 836 1257 895 1303; x_wconf 65' lang='grc' dir='ltr'><strong>Μ.</strong></span> <span class='ocrx_word' id='word_1_107' title='bbox 904 1253 913 1281; x_wconf 80' lang='lat'><em>⁴</em></span> <span class='ocrx_word' id='word_1_108' title='bbox 923 1255 973 1307; x_wconf 78' lang='lat' dir='ltr'><strong>Qui</strong></span> <span class='ocrx_word' id='word_1_109' title='bbox 985 1270 1155 1321; x_wconf 80' lang='lat' dir='ltr'><strong>myoparouea</strong></span> <span class='ocrx_word' id='word_1_110' title='bbox 1166 1272 1236 1322; x_wconf 86' lang='lat' dir='ltr'><strong>quaa·</strong></span> 
     </span>
     <span class='ocr_line' id='line_1_13' title="bbox 143 1327 1236 1397; baseline 0.001 -12"><span class='ocrx_word' id='word_1_111' title='bbox 143 1336 255 1397; x_wconf 73' lang='lat' dir='ltr'><strong>gendum</strong></span> <span class='ocrx_word' id='word_1_112' title='bbox 276 1349 330 1384; x_wconf 80' lang='lat' dir='ltr'><strong>caua</strong></span> <span class='ocrx_word' id='word_1_113' title='bbox 345 1348 391 1384; x_wconf 76' lang='lat' dir='ltr'><strong>noa</strong></span> <span class='ocrx_word' id='word_1_114' title='bbox 407 1349 492 1396; x_wconf 69' lang='lat' dir='ltr'><strong>paratu</strong></span> <span class='ocrx_word' id='word_1_115' title='bbox 510 1334 612 1391; x_wconf 69' lang='lat' dir='ltr'><strong>mlier:</strong></span> <span class='ocrx_word' id='word_1_116' title='bbox 629 1332 671 1382; x_wconf 87' lang='lat' dir='ltr'><strong>rei</strong></span> <span class='ocrx_word' id='word_1_117' title='bbox 707 1327 792 1391; x_wconf 84' lang='lat' dir='ltr'><strong>aierit,</strong></span> <span class='ocrx_word' id='word_1_118' title='bbox 802 1328 887 1391; x_wconf 89' lang='lat' dir='ltr'><strong>pirata</strong></span> <span class='ocrx_word' id='word_1_119' title='bbox 897 1329 965 1381; x_wconf 65' lang='lat' dir='ltr'><strong>erit!</strong></span> <span class='ocrx_word' id='word_1_120' title='bbox 998 1333 1236 1386; x_wconf 81' lang='lat' dir='ltr'><strong>Corioconteatana</strong></span> 
     </span>
     <span class='ocr_line' id='line_1_14' title="bbox 142 1409 1238 1476; baseline 0.005 -16"><span class='ocrx_word' id='word_1_121' title='bbox 142 1411 230 1474; x_wconf 86' lang='lat' dir='ltr'><strong>potina</strong></span> <span class='ocrx_word' id='word_1_122' title='bbox 240 1425 292 1460; x_wconf 78' lang='lat' dir='ltr'><strong>caat</strong></span> <span class='ocrx_word' id='word_1_123' title='bbox 302 1409 453 1460; x_wconf 82' lang='lat' dir='ltr'><strong>borbororaar</strong></span> <span class='ocrx_word' id='word_1_124' title='bbox 464 1410 581 1466; x_wconf 68' lang='lat' dir='ltr'><strong>nullam</strong></span> <span class='ocrx_word' id='word_1_125' title='bbox 593 1410 671 1459; x_wconf 82' lang='lat' dir='ltr'><strong>reati·</strong></span> <span class='ocrx_word' id='word_1_126' title='bbox 708 1423 765 1462; x_wconf 85' lang='lat' dir='ltr'><strong>aaaa</strong></span> <span class='ocrx_word' id='word_1_127' title='bbox 787 1409 836 1460; x_wconf 86' lang='lat' dir='ltr'><strong>boc</strong></span> <span class='ocrx_word' id='word_1_128' title='bbox 852 1411 949 1476; x_wconf 74' lang='lat' dir='ltr'><strong>navigii</strong></span> <span class='ocrx_word' id='word_1_129' title='bbox 966 1427 1058 1476; x_wconf 72' lang='lat' dir='ltr'><strong>genna,</strong></span> <span class='ocrx_word' id='word_1_130' title='bbox 1074 1413 1186 1465; x_wconf 83' lang='lat' dir='ltr'><strong>vidimna</strong></span> <span class='ocrx_word' id='word_1_131' title='bbox 1203 1428 1238 1466; x_wconf 82' lang='lat' dir='ltr'><strong>ax</strong></span> 
     </span>
     <span class='ocr_line' id='line_1_15' title="bbox 143 1484 1237 1551; baseline 0.004 -16"><span class='ocrx_word' id='word_1_132' title='bbox 143 1485 190 1550; x_wconf 68' lang='lat' dir='ltr'><strong>gila</strong></span> <span class='ocrx_word' id='word_1_133' title='bbox 202 1486 340 1550; x_wconf 82' lang='lat' dir='ltr'><strong>acripturar</strong></span> <span class='ocrx_word' id='word_1_134' title='bbox 352 1489 450 1537; x_wconf 81' lang='lat' dir='ltr'><strong>reteria</strong></span> <span class='ocrx_word' id='word_1_135' title='bbox 468 1487 591 1536; x_wconf 88' lang='lat' dir='ltr'><strong>odoratna</strong></span> <span class='ocrx_word' id='word_1_136' title='bbox 606 1486 672 1536; x_wconf 88' lang='lat' dir='ltr'><strong>banc</strong></span> <span class='ocrx_word' id='word_1_137' title='bbox 708 1484 829 1548; x_wconf 82' lang='lat' dir='ltr'><strong>laidoro;</strong></span> <span class='ocrx_word' id='word_1_138' title='bbox 845 1487 904 1537; x_wconf 86' lang='lat' dir='ltr'><strong>binc</strong></span> <span class='ocrx_word' id='word_1_139' title='bbox 916 1502 932 1537; x_wconf 90' lang='lat' dir='ltr'><strong>a</strong></span> <span class='ocrx_word' id='word_1_140' title='bbox 945 1488 1035 1551; x_wconf 80' lang='lat' dir='ltr'><strong>piratio</strong></span> <span class='ocrx_word' id='word_1_141' title='bbox 1051 1503 1122 1538; x_wconf 83' lang='lat' dir='ltr'><strong>auara</strong></span> <span class='ocrx_word' id='word_1_142' title='bbox 1133 1489 1237 1540; x_wconf 84' lang='lat' dir='ltr'><strong>Britan·</strong></span> 
     </span>
     <span class='ocr_line' id='line_1_16' title="bbox 141 1562 1239 1628; baseline 0.003 -15"><span class='ocrx_word' id='word_1_143' title='bbox 141 1565 293 1626; x_wconf 68' lang='lat' dir='ltr'><strong>lectionem</strong></span> <span class='ocrx_word' id='word_1_144' title='bbox 305 1564 388 1614; x_wconf 63' lang='lat' dir='ltr'><strong>wan</strong></span> <span class='ocrx_word' id='word_1_145' title='bbox 398 1564 464 1614; x_wconf 86' lang='lat' dir='ltr'><strong>eninr</strong></span> <span class='ocrx_word' id='word_1_146' title='bbox 478 1562 595 1628; x_wconf 66' lang='lat' dir='ltr'><strong>profert.</strong></span> <span class='ocrx_word' id='word_1_147' title='bbox 611 1565 671 1614; x_wconf 88' lang='lat' dir='ltr'><strong>Mo·</strong></span> <span class='ocrx_word' id='word_1_148' title='bbox 708 1563 793 1614; x_wconf 86' lang='lat' dir='ltr'><strong>nicuru</strong></span> <span class='ocrx_word' id='word_1_149' title='bbox 811 1562 915 1626; x_wconf 84' lang='lat' dir='ltr'><strong>‘pelle&#39;</strong></span> <span class='ocrx_word' id='word_1_150' title='bbox 931 1564 1026 1615; x_wconf 91' lang='lat' dir='ltr'><strong>auicari</strong></span> <span class='ocrx_word' id='word_1_151' title='bbox 1043 1565 1135 1615; x_wconf 87' lang='lat' dir='ltr'><strong>acribit</strong></span> <span class='ocrx_word' id='word_1_152' title='bbox 1147 1564 1239 1617; x_wconf 82' lang='lat' dir='ltr'><strong>Sidon.</strong></span> 
     </span>
     <span class='ocr_line' id='line_1_17' title="bbox 142 1639 1239 1705; baseline 0.002 -14"><span class='ocrx_word' id='word_1_153' title='bbox 142 1648 171 1691; x_wconf 87' lang='lat' dir='ltr'><strong>to</strong></span> <span class='ocrx_word' id='word_1_154' title='bbox 193 1648 280 1691; x_wconf 83' lang='lat' dir='ltr'><strong>tamen</strong></span> <span class='ocrx_word' id='word_1_155' title='bbox 300 1642 458 1691; x_wconf 81' lang='lat' dir='ltr'><strong>aententiaur</strong></span> <span class='ocrx_word' id='word_1_156' title='bbox 481 1655 539 1691; x_wconf 79' lang='lat' dir='ltr'><strong>cuin</strong></span> <span class='ocrx_word' id='word_1_157' title='bbox 554 1640 672 1705; x_wconf 84' lang='lat' dir='ltr'><strong>ejuadonr</strong></span> <span class='ocrx_word' id='word_1_158' title='bbox 709 1639 868 1703; x_wconf 71' lang='lat' dir='ltr'><strong>Apollinaris</strong></span> <span class='ocrx_word' id='word_1_159' title='bbox 880 1640 965 1690; x_wconf 84' lang='lat' dir='ltr'><strong>carru.</strong></span> <span class='ocrx_word' id='word_1_160' title='bbox 980 1654 1032 1691; x_wconf 81' lang='lat' dir='ltr'><strong>vn.</strong></span> <span class='ocrx_word' id='word_1_161' title='bbox 1043 1646 1101 1692; x_wconf 77' lang='lat' dir='ltr'><strong>tto.</strong></span> <span class='ocrx_word' id='word_1_162' title='bbox 1112 1642 1200 1694; x_wconf 78' lang='lat' dir='ltr'><strong>‘Quin</strong></span> <span class='ocrx_word' id='word_1_163' title='bbox 1211 1649 1239 1693; x_wconf 83' lang='lat' dir='ltr'><strong>et</strong></span> 
     </span>
     <span class='ocr_line' id='line_1_18' title="bbox 141 1713 1237 1782; baseline 0.002 -16"><span class='ocrx_word' id='word_1_164' title='bbox 141 1718 280 1782; x_wconf 71' lang='lat' dir='ltr'><strong>baciago:</strong></span> <span class='ocrx_word' id='word_1_165' title='bbox 291 1717 631 1768; x_wconf 78' lang='lat' dir='ltr'><strong>‘concultoadnuittabantnr</strong></span> <span class='ocrx_word' id='word_1_166' title='bbox 639 1716 672 1768; x_wconf 87' lang='lat' dir='ltr'><strong>ab</strong></span> <span class='ocrx_word' id='word_1_167' title='bbox 708 1713 876 1766; x_wconf 78' lang='lat' dir='ltr'><strong>Aremoricae</strong></span> <span class='ocrx_word' id='word_1_168' title='bbox 895 1715 1007 1780; x_wconf 85' lang='lat' dir='ltr'><strong>piratam</strong></span> <span class='ocrx_word' id='word_1_169' title='bbox 1024 1716 1128 1767; x_wconf 78' lang='lat' dir='ltr'><strong>Saxona</strong></span> <span class='ocrx_word' id='word_1_170' title='bbox 1140 1725 1237 1768; x_wconf 78' lang='lat' dir='ltr'><strong>tractu·</strong></span> 
     </span>
     <span class='ocr_line' id='line_1_19' title="bbox 142 1794 1238 1859; baseline 0.002 -15"><span class='ocrx_word' id='word_1_171' title='bbox 142 1794 672 1857; x_wconf 75' lang='lat' dir='ltr'><strong>aobarbaricumtranaeuntarcnrnpra·</strong></span> <span class='ocrx_word' id='word_1_172' title='bbox 707 1794 845 1857; x_wconf 78' lang='lat' dir='ltr'><strong>Sperabat,</strong></span> <span class='ocrx_word' id='word_1_173' title='bbox 868 1796 909 1844; x_wconf 90' lang='lat' dir='ltr'><strong>cui</strong></span> <span class='ocrx_word' id='word_1_174' title='bbox 937 1796 1006 1859; x_wconf 87' lang='lat' dir='ltr'><strong>palla</strong></span> <span class='ocrx_word' id='word_1_175' title='bbox 1033 1795 1114 1846; x_wconf 88' lang='lat' dir='ltr'><strong>aaiunr</strong></span> <span class='ocrx_word' id='word_1_176' title='bbox 1136 1797 1238 1858; x_wconf 71' lang='lat' dir='ltr'><strong>anicarp</strong></span> 
     </span>
     <span class='ocr_line' id='line_1_20' title="bbox 142 1867 1237 1934; baseline 0.004 -15"><span class='ocrx_word' id='word_1_177' title='bbox 142 1870 178 1919; x_wconf 88' lang='lat' dir='ltr'><strong>da</strong></span> <span class='ocrx_word' id='word_1_178' title='bbox 195 1871 339 1932; x_wconf 77' lang='lat' dir='ltr'><strong>arriperet,</strong></span> <span class='ocrx_word' id='word_1_179' title='bbox 360 1877 440 1933; x_wconf 84' lang='lat' dir='ltr'><strong>atqua</strong></span> <span class='ocrx_word' id='word_1_180' title='bbox 460 1870 498 1922; x_wconf 87' lang='lat' dir='ltr'><strong>ita</strong></span> <span class='ocrx_word' id='word_1_181' title='bbox 514 1883 543 1918; x_wconf 80' lang='lat' dir='ltr'><strong>aa</strong></span> <span class='ocrx_word' id='word_1_182' title='bbox 557 1867 673 1919; x_wconf 68' lang='lat' dir='ltr'><strong>ditaret!</strong></span> <span class='ocrx_word' id='word_1_183' title='bbox 710 1871 864 1922; x_wconf 71' lang='lat' dir='ltr'><strong>Britannum</strong></span> <span class='ocrx_word' id='word_1_184' title='bbox 882 1870 981 1933; x_wconf 84' lang='lat' dir='ltr'><strong>Ludna,</strong></span> <span class='ocrx_word' id='word_1_185' title='bbox 994 1877 1022 1919; x_wconf 84' lang='lat' dir='ltr'><strong>at</strong></span> <span class='ocrx_word' id='word_1_186' title='bbox 1038 1871 1146 1920; x_wconf 79' lang='lat' dir='ltr'><strong>adaucto</strong></span> <span class='ocrx_word' id='word_1_187' title='bbox 1166 1872 1237 1934; x_wconf 68' lang='lat' dir='ltr'><strong>plaa-</strong></span> 
     </span>
     <span class='ocr_line' id='line_1_21' title="bbox 143 1942 1238 2007; baseline 0.005 -13"><span class='ocrx_word' id='word_1_188' title='bbox 143 1944 196 1995; x_wconf 82' lang='lat' dir='ltr'><strong>Sed</strong></span> <span class='ocrx_word' id='word_1_189' title='bbox 213 1946 239 1993; x_wconf 88' lang='lat' dir='ltr'><strong>io</strong></span> <span class='ocrx_word' id='word_1_190' title='bbox 256 1945 311 1993; x_wconf 81' lang='lat' dir='ltr'><strong>baec</strong></span> <span class='ocrx_word' id='word_1_191' title='bbox 327 1943 376 1992; x_wconf 91' lang='lat' dir='ltr'><strong>aibi</strong></span> <span class='ocrx_word' id='word_1_192' title='bbox 388 1943 494 2007; x_wconf 86' lang='lat' dir='ltr'><strong>quiaque</strong></span> <span class='ocrx_word' id='word_1_193' title='bbox 506 1958 554 2007; x_wconf 91' lang='lat' dir='ltr'><strong>pro</strong></span> <span class='ocrx_word' id='word_1_194' title='bbox 566 1942 672 1995; x_wconf 87' lang='lat' dir='ltr'><strong>arbitrio</strong></span> <span class='ocrx_word' id='word_1_195' title='bbox 709 1959 768 1995; x_wconf 82' lang='lat' dir='ltr'><strong>cuin</strong></span> <span class='ocrx_word' id='word_1_196' title='bbox 783 1960 855 1995; x_wconf 82' lang='lat' dir='ltr'><strong>niara</strong></span> <span class='ocrx_word' id='word_1_197' title='bbox 866 1944 965 1996; x_wconf 79' lang='lat' dir='ltr'><strong>findere</strong></span> <span class='ocrx_word' id='word_1_198' title='bbox 976 1946 1078 1997; x_wconf 67' lang='lat' dir='ltr'><strong>lembo!</strong></span> <span class='ocrx_word' id='word_1_199' title='bbox 1094 1946 1238 1999; x_wconf 81' lang='lat' dir='ltr'><strong>Adeoudua</strong></span> 
     </span>
     <span class='ocr_line' id='line_1_22' title="bbox 142 2019 1238 2086; baseline 0.006 -17"><span class='ocrx_word' id='word_1_200' title='bbox 142 2033 189 2069; x_wconf 90' lang='lat' dir='ltr'><strong>ano</strong></span> <span class='ocrx_word' id='word_1_201' title='bbox 201 2034 248 2084; x_wconf 85' lang='lat' dir='ltr'><strong>par</strong></span> <span class='ocrx_word' id='word_1_202' title='bbox 259 2034 299 2070; x_wconf 81' lang='lat' dir='ltr'><strong>ure</strong></span> <span class='ocrx_word' id='word_1_203' title='bbox 310 2019 388 2069; x_wconf 89' lang='lat' dir='ltr'><strong>licara</strong></span> <span class='ocrx_word' id='word_1_204' title='bbox 397 2019 537 2070; x_wconf 80' lang='lat' dir='ltr'><strong>exiutimet.</strong></span> <span class='ocrx_word' id='word_1_205' title='bbox 554 2019 674 2070; x_wconf 70' lang='lat' dir='ltr'><strong>&amp;uotiua</strong></span> <span class='ocrx_word' id='word_1_206' title='bbox 709 2021 745 2071; x_wconf 91' lang='lat' dir='ltr'><strong>ibi</strong></span> <span class='ocrx_word' id='word_1_207' title='bbox 754 2022 852 2071; x_wconf 83' lang='lat' dir='ltr'><strong>savaro</strong></span> <span class='ocrx_word' id='word_1_208' title='bbox 861 2030 889 2072; x_wconf 93' lang='lat' dir='ltr'><strong>et</strong></span> <span class='ocrx_word' id='word_1_209' title='bbox 900 2021 932 2071; x_wconf 89' lang='lat' dir='ltr'><strong>ad</strong></span> <span class='ocrx_word' id='word_1_210' title='bbox 945 2023 1031 2086; x_wconf 74' lang='lat' dir='ltr'><strong>Epist.</strong></span> <span class='ocrx_word' id='word_1_211' title='bbox 1042 2037 1106 2073; x_wconf 81' lang='lat' dir='ltr'><strong>vrri.</strong></span> <span class='ocrx_word' id='word_1_212' title='bbox 1114 2028 1154 2074; x_wconf 81' lang='lat' dir='ltr'><strong>lii.</strong></span> <span class='ocrx_word' id='word_1_213' title='bbox 1170 2026 1238 2076; x_wconf 87' lang='lat' dir='ltr'><strong>Voa·</strong></span> 
     </span>
     <span class='ocr_line' id='line_1_23' title="bbox 143 2094 1238 2166; baseline 0.005 -19"><span class='ocrx_word' id='word_1_214' title='bbox 143 2099 179 2147; x_wconf 86' lang='lat' dir='ltr'><strong>Et</strong></span> <span class='ocrx_word' id='word_1_215' title='bbox 197 2098 223 2147; x_wconf 91' lang='lat' dir='ltr'><strong>ln</strong></span> <span class='ocrx_word' id='word_1_216' title='bbox 244 2096 345 2148; x_wconf 73' lang='lat' dir='ltr'><strong>schotti</strong></span> <span class='ocrx_word' id='word_1_217' title='bbox 363 2097 517 2146; x_wconf 83' lang='lat' dir='ltr'><strong>aententiana</strong></span> <span class='ocrx_word' id='word_1_218' title='bbox 535 2094 673 2150; x_wconf 81' lang='lat' dir='ltr'><strong>deaccudit</strong></span> <span class='ocrx_word' id='word_1_219' title='bbox 709 2096 761 2145; x_wconf 86' lang='lat' dir='ltr'><strong>aiua</strong></span> <span class='ocrx_word' id='word_1_220' title='bbox 774 2096 806 2146; x_wconf 87' lang='lat' dir='ltr'><strong>ad</strong></span> <span class='ocrx_word' id='word_1_221' title='bbox 819 2097 918 2148; x_wconf 71' lang='lat' dir='ltr'><strong>eam.</strong></span> <span class='ocrx_word' id='word_1_222' title='bbox 929 2098 998 2149; x_wconf 85' lang='lat' dir='ltr'><strong>Ball.</strong></span> <span class='ocrx_word' id='word_1_223' title='bbox 1010 2098 1067 2148; x_wconf 83' lang='lat' dir='ltr'><strong>Cir.</strong></span> <span class='ocrx_word' id='word_1_224' title='bbox 1077 2105 1143 2150; x_wconf 74' lang='lat' dir='ltr'><strong>uba.</strong></span> <span class='ocrx_word' id='word_1_225' title='bbox 1158 2099 1238 2166; x_wconf 80' lang='lat' dir='ltr'><strong>Apud</strong></span> 
     </span>
    </p>
   </div>
   <div class='ocr_carea' id='block_1_5' title="bbox 61 2171 1238 2238">
    <p class='ocr_par' dir='ltr' id='par_1_6' title="bbox 61 2171 1238 2238">
     <span class='ocr_line' id='line_1_24' title="bbox 61 2171 1238 2238; baseline 0.003 -14"><span class='ocrx_word' id='word_1_226' title='bbox 61 2171 63 2176; x_wconf 82' lang='lat'>&#39;</span> <span class='ocrx_word' id='word_1_227' title='bbox 143 2173 297 2238; x_wconf 72' lang='lat' dir='ltr'><strong>Sylbnrpiua</strong></span> <span class='ocrx_word' id='word_1_228' title='bbox 307 2180 334 2222; x_wconf 84' lang='lat' dir='ltr'><strong>et</strong></span> <span class='ocrx_word' id='word_1_229' title='bbox 346 2172 431 2222; x_wconf 83' lang='lat' dir='ltr'><strong>Anna.</strong></span> <span class='ocrx_word' id='word_1_230' title='bbox 459 2172 619 2235; x_wconf 81' lang='lat' dir='ltr'><strong>Ructaputo</strong></span> <span class='ocrx_word' id='word_1_231' title='bbox 635 2174 672 2222; x_wconf 83' lang='lat' dir='ltr'><strong>ri·</strong></span> <span class='ocrx_word' id='word_1_232' title='bbox 711 2173 870 2226; x_wconf 79' lang='lat' dir='ltr'><strong>Scholiaaten</strong></span> <span class='ocrx_word' id='word_1_233' title='bbox 896 2174 1029 2226; x_wconf 79' lang='lat' dir='ltr'><strong>Juvenalia</strong></span> <span class='ocrx_word' id='word_1_234' title='bbox 1052 2177 1108 2226; x_wconf 84' lang='lat' dir='ltr'><strong>Sat.</strong></span> <span class='ocrx_word' id='word_1_235' title='bbox 1135 2191 1176 2227; x_wconf 81' lang='lat' dir='ltr'><strong>tv.</strong></span> <span class='ocrx_word' id='word_1_236' title='bbox 1196 2183 1238 2230; x_wconf 78' lang='lat' dir='ltr'><strong>ll.</strong></span> 
     </span>
    </p>
   </div>
   <div class='ocr_carea' id='block_1_6' title="bbox 142 2249 1270 4309">
    <p class='ocr_par' dir='ltr' id='par_1_7' title="bbox 143 2249 1239 2624">
     <span class='ocr_line' id='line_1_25' title="bbox 144 2249 1238 2318; baseline 0.007 -20"><span class='ocrx_word' id='word_1_237' title='bbox 144 2249 239 2299; x_wconf 89' lang='lat' dir='ltr'><strong>derunt</strong></span> <span class='ocrx_word' id='word_1_238' title='bbox 258 2258 408 2313; x_wconf 83' lang='lat' dir='ltr'><strong>corruptum</strong></span> <span class='ocrx_word' id='word_1_239' title='bbox 427 2262 484 2298; x_wconf 79' lang='lat' dir='ltr'><strong>aare</strong></span> <span class='ocrx_word' id='word_1_240' title='bbox 505 2249 672 2300; x_wconf 86' lang='lat' dir='ltr'><strong>bunc1ocunr</strong></span> <span class='ocrx_word' id='word_1_241' title='bbox 711 2249 815 2300; x_wconf 79' lang='lat' dir='ltr'><strong>invenio</strong></span> <span class='ocrx_word' id='word_1_242' title='bbox 832 2251 858 2300; x_wconf 89' lang='lat' dir='ltr'><strong>in</strong></span> <span class='ocrx_word' id='word_1_243' title='bbox 880 2252 961 2315; x_wconf 87' lang='lat' dir='ltr'><strong>antiq.</strong></span> <span class='ocrx_word' id='word_1_244' title='bbox 984 2253 1048 2303; x_wconf 85' lang='lat' dir='ltr'><strong>adit.</strong></span> <span class='ocrx_word' id='word_1_245' title='bbox 1068 2255 1125 2303; x_wconf 80' lang='lat' dir='ltr'><strong>‘lia</strong></span> <span class='ocrx_word' id='word_1_246' title='bbox 1145 2254 1238 2318; x_wconf 87' lang='lat' dir='ltr'><strong>quibua</strong></span> 
     </span>
     <span class='ocr_line' id='line_1_26' title="bbox 143 2325 1238 2395; baseline 0.004 -18"><span class='ocrx_word' id='word_1_247' title='bbox 143 2327 192 2377; x_wconf 82' lang='lat' dir='ltr'><strong>viri</strong></span> <span class='ocrx_word' id='word_1_248' title='bbox 204 2325 309 2388; x_wconf 79' lang='lat' dir='ltr'><strong>eruditi,</strong></span> <span class='ocrx_word' id='word_1_249' title='bbox 320 2327 366 2377; x_wconf 89' lang='lat' dir='ltr'><strong>aed</strong></span> <span class='ocrx_word' id='word_1_250' title='bbox 375 2342 407 2376; x_wconf 90' lang='lat' dir='ltr'><strong>an</strong></span> <span class='ocrx_word' id='word_1_251' title='bbox 415 2327 556 2378; x_wconf 84' lang='lat' dir='ltr'><strong>aaiutaretn</strong></span> <span class='ocrx_word' id='word_1_252' title='bbox 567 2326 674 2377; x_wconf 84' lang='lat' dir='ltr'><strong>inedici-</strong></span> <span class='ocrx_word' id='word_1_253' title='bbox 710 2326 819 2377; x_wconf 75' lang='lat' dir='ltr'><strong>liburna</strong></span> <span class='ocrx_word' id='word_1_254' title='bbox 827 2327 935 2377; x_wconf 80' lang='lat' dir='ltr'><strong>Paraoia</strong></span> <span class='ocrx_word' id='word_1_255' title='bbox 943 2343 1035 2378; x_wconf 85' lang='lat' dir='ltr'><strong>nornen</strong></span> <span class='ocrx_word' id='word_1_256' title='bbox 1043 2331 1144 2392; x_wconf 84' lang='lat' dir='ltr'><strong>accepit</strong></span> <span class='ocrx_word' id='word_1_257' title='bbox 1154 2329 1171 2380; x_wconf 70' lang='grc' dir='ltr'><strong>τ’</strong></span> <span class='ocrx_word' id='word_1_258' title='bbox 1180 2346 1238 2395; x_wconf 87' lang='lat' dir='ltr'><strong>poa·</strong></span> 
     </span>
     <span class='ocr_line' id='line_1_27' title="bbox 145 2403 1239 2468; baseline 0.003 -14"><span class='ocrx_word' id='word_1_259' title='bbox 145 2417 203 2454; x_wconf 87' lang='lat' dir='ltr'><strong>nam</strong></span> <span class='ocrx_word' id='word_1_260' title='bbox 215 2404 382 2454; x_wconf 71' lang='lat' dir='ltr'><strong>adhibuerint</strong></span> <span class='ocrx_word' id='word_1_261' title='bbox 392 2403 492 2456; x_wconf 88' lang='lat' dir='ltr'><strong>dubito.</strong></span> <span class='ocrx_word' id='word_1_262' title='bbox 511 2403 673 2468; x_wconf 81' lang='lat' dir='ltr'><strong>Prapoaitua</strong></span> <span class='ocrx_word' id='word_1_263' title='bbox 711 2403 819 2452; x_wconf 79' lang='lat' dir='ltr'><strong>teriorar</strong></span> <span class='ocrx_word' id='word_1_264' title='bbox 831 2412 963 2454; x_wconf 83' lang='lat' dir='ltr'><strong>mutarunt</strong></span> <span class='ocrx_word' id='word_1_265' title='bbox 975 2405 1001 2454; x_wconf 91' lang='lat' dir='ltr'><strong>in</strong></span> <span class='ocrx_word' id='word_1_266' title='bbox 1009 2405 1108 2454; x_wconf 76' lang='lat' dir='ltr'><strong>libam</strong></span> <span class='ocrx_word' id='word_1_267' title='bbox 1117 2421 1239 2468; x_wconf 70' lang='lat' dir='ltr'><strong>pamm</strong></span> 
     </span>
     <span class='ocr_line' id='line_1_28' title="bbox 143 2478 1238 2545; baseline 0.001 -14"><span class='ocrx_word' id='word_1_268' title='bbox 143 2489 201 2532; x_wconf 84' lang='lat' dir='ltr'><strong>erat</strong></span> <span class='ocrx_word' id='word_1_269' title='bbox 213 2482 353 2533; x_wconf 81' lang='lat' dir='ltr'><strong>Caranaiur</strong></span> <span class='ocrx_word' id='word_1_270' title='bbox 364 2482 450 2537; x_wconf 78' lang='lat' dir='ltr'><strong>cinari,</strong></span> <span class='ocrx_word' id='word_1_271' title='bbox 458 2489 486 2531; x_wconf 90' lang='lat' dir='ltr'><strong>nt</strong></span> <span class='ocrx_word' id='word_1_272' title='bbox 498 2481 622 2545; x_wconf 79' lang='lat' dir='ltr'><strong>piraticae</strong></span> <span class='ocrx_word' id='word_1_273' title='bbox 632 2496 673 2532; x_wconf 87' lang='lat' dir='ltr'><strong>ra·</strong></span> <span class='ocrx_word' id='word_1_274' title='bbox 709 2485 842 2540; x_wconf 51' lang='lat' dir='ltr'><strong>”namot</strong></span> <span class='ocrx_word' id='word_1_275' title='bbox 858 2478 891 2528; x_wconf 91' lang='lat' dir='ltr'><strong>ad</strong></span> <span class='ocrx_word' id='word_1_276' title='bbox 907 2480 1031 2530; x_wconf 74' lang='lat' dir='ltr'><strong>navicula</strong></span> <span class='ocrx_word' id='word_1_277' title='bbox 1048 2479 1187 2544; x_wconf 70' lang='lat' dir='ltr'><strong>rapimur</strong></span> <span class='ocrx_word' id='word_1_278' title='bbox 1199 2495 1238 2532; x_wconf 89' lang='lat' dir='ltr'><strong>ra·</strong></span> 
     </span>
     <span class='ocr_line' id='line_1_29' title="bbox 144 2552 921 2624; baseline -0.005 -16"><span class='ocrx_word' id='word_1_279' title='bbox 144 2559 219 2621; x_wconf 84' lang='lat' dir='ltr'><strong>pinaa</strong></span> <span class='ocrx_word' id='word_1_280' title='bbox 226 2557 414 2608; x_wconf 80' lang='lat' dir='ltr'><strong>Germanorum</strong></span> <span class='ocrx_word' id='word_1_281' title='bbox 425 2558 565 2622; x_wconf 79' lang='lat' dir='ltr'><strong>inhiberet,</strong></span> <span class='ocrx_word' id='word_1_282' title='bbox 573 2559 673 2624; x_wconf 69' lang='lat' dir='ltr'><strong>iaquaq</strong></span> <span class='ocrx_word' id='word_1_283' title='bbox 709 2552 821 2604; x_wconf 73' lang='lat' dir='ltr'><strong>feratur·</strong></span> <span class='ocrx_word' id='word_1_284' title='bbox 834 2554 921 2605; x_wconf 75' lang='lat' dir='ltr'><strong>Arata.</strong></span> 
     </span>
    </p>

    <p class='ocr_par' dir='ltr' id='par_1_8' title="bbox 143 2631 1240 3082">
     <span class='ocr_line' id='line_1_30' title="bbox 144 2631 1238 2699; baseline 0.003 -15"><span class='ocrx_word' id='word_1_285' title='bbox 144 2634 304 2684; x_wconf 80' lang='lat' dir='ltr'><strong>Maximiano</strong></span> <span class='ocrx_word' id='word_1_286' title='bbox 306 2635 393 2699; x_wconf 84' lang='lat' dir='ltr'><strong>juaaua</strong></span> <span class='ocrx_word' id='word_1_287' title='bbox 400 2635 540 2695; x_wconf 76' lang='lat' dir='ltr'><strong>caroccidi,</strong></span> <span class='ocrx_word' id='word_1_288' title='bbox 547 2633 672 2698; x_wconf 86' lang='lat' dir='ltr'><strong>nonquod</strong></span> <span class='ocrx_word' id='word_1_289' title='bbox 743 2631 799 2694; x_wconf 75' lang='lat'><strong>§22</strong></span> <span class='ocrx_word' id='word_1_290' title='bbox 815 2631 941 2697; x_wconf 70' lang='lat' dir='ltr'><strong>luban]</strong></span> <span class='ocrx_word' id='word_1_291' title='bbox 958 2631 997 2682; x_wconf 83' lang='lat' dir='ltr'><strong>Da</strong></span> <span class='ocrx_word' id='word_1_292' title='bbox 1008 2633 1085 2684; x_wconf 85' lang='lat' dir='ltr'><strong>rariia</strong></span> <span class='ocrx_word' id='word_1_293' title='bbox 1094 2634 1204 2687; x_wconf 78' lang='lat' dir='ltr'><strong>laliania</strong></span> <span class='ocrx_word' id='word_1_294' title='bbox 1212 2636 1238 2688; x_wconf 90' lang='lat' dir='ltr'><strong>in</strong></span> 
     </span>
     <span class='ocr_line' id='line_1_31' title="bbox 144 2703 1240 2776; baseline 0.003 -15"><span class='ocrx_word' id='word_1_295' title='bbox 144 2725 236 2773; x_wconf 85' lang='lat' dir='ltr'><strong>parurn</strong></span> <span class='ocrx_word' id='word_1_296' title='bbox 254 2712 417 2762; x_wconf 81' lang='lat' dir='ltr'><strong>barbarorum</strong></span> <span class='ocrx_word' id='word_1_297' title='bbox 430 2713 600 2776; x_wconf 83' lang='lat' dir='ltr'><strong>opprimeret,</strong></span> <span class='ocrx_word' id='word_1_298' title='bbox 610 2724 673 2762; x_wconf 80' lang='lat' dir='ltr'><strong>con·</strong></span> <span class='ocrx_word' id='word_1_299' title='bbox 711 2703 800 2755; x_wconf 76' lang='lat' dir='ltr'><strong>Africa</strong></span> <span class='ocrx_word' id='word_1_300' title='bbox 812 2707 930 2771; x_wconf 85' lang='lat' dir='ltr'><strong>diaputat</strong></span> <span class='ocrx_word' id='word_1_301' title='bbox 940 2723 1011 2758; x_wconf 85' lang='lat' dir='ltr'><strong>more</strong></span> <span class='ocrx_word' id='word_1_302' title='bbox 1022 2725 1068 2760; x_wconf 86' lang='lat' dir='ltr'><strong>auo</strong></span> <span class='ocrx_word' id='word_1_303' title='bbox 1079 2713 1240 2776; x_wconf 70' lang='lat' dir='ltr'><strong>elegantiori·</strong></span> 
     </span>
     <span class='ocr_line' id='line_1_32' title="bbox 144 2783 1240 2855; baseline 0.003 -18"><span class='ocrx_word' id='word_1_304' title='bbox 144 2789 322 2838; x_wconf 88' lang='lat' dir='ltr'><strong>trarinruenirn</strong></span> <span class='ocrx_word' id='word_1_305' title='bbox 330 2789 673 2853; x_wconf 82' lang='lat' dir='ltr'><strong>dicitEntrop.‘niultiabar·</strong></span> <span class='ocrx_word' id='word_1_306' title='bbox 710 2797 752 2833; x_wconf 62' lang='grc' dir='ltr'><strong>ωε</strong></span> <span class='ocrx_word' id='word_1_307' title='bbox 763 2783 953 2848; x_wconf 75' lang='lat' dir='ltr'><strong>Bynkerahoek</strong></span> <span class='ocrx_word' id='word_1_308' title='bbox 964 2787 998 2837; x_wconf 84' lang='lat' dir='ltr'><strong>de</strong></span> <span class='ocrx_word' id='word_1_309' title='bbox 1011 2788 1094 2852; x_wconf 76' lang='lat' dir='ltr'><strong>Reiiq·</strong></span> <span class='ocrx_word' id='word_1_310' title='bbox 1106 2790 1202 2854; x_wconf 69' lang='lat' dir='ltr'><strong>Perep-</strong></span> <span class='ocrx_word' id='word_1_311' title='bbox 1213 2807 1240 2855; x_wconf 82' lang='lat' dir='ltr'><strong>p.</strong></span> 
     </span>
     <span class='ocr_line' id='line_1_33' title="bbox 145 2861 1239 2931; baseline 0.004 -16"><span class='ocrx_word' id='word_1_312' title='bbox 145 2862 214 2913; x_wconf 86' lang='lat' dir='ltr'><strong>baria</strong></span> <span class='ocrx_word' id='word_1_313' title='bbox 224 2865 415 2929; x_wconf 75' lang='lat' dir='ltr'><strong>aaepccaptia3&#39;</strong></span> <span class='ocrx_word' id='word_1_314' title='bbox 426 2865 548 2929; x_wconf 84' lang='lat' dir='ltr'><strong>aedquod</strong></span> <span class='ocrx_word' id='word_1_315' title='bbox 559 2866 673 2931; x_wconf 77' lang='lat' dir='ltr'><strong>praedam</strong></span> <span class='ocrx_word' id='word_1_316' title='bbox 710 2863 768 2910; x_wconf 74' lang='lat' dir='ltr'><strong>aiu.</strong></span> <span class='ocrx_word' id='word_1_317' title='bbox 778 2868 806 2911; x_wconf 89' lang='lat' dir='ltr'><strong>et</strong></span> <span class='ocrx_word' id='word_1_318' title='bbox 819 2861 851 2910; x_wconf 87' lang='lat' dir='ltr'><strong>de</strong></span> <span class='ocrx_word' id='word_1_319' title='bbox 869 2863 918 2913; x_wconf 89' lang='lat' dir='ltr'><strong>boc</strong></span> <span class='ocrx_word' id='word_1_320' title='bbox 936 2875 1045 2927; x_wconf 79' lang='lat' dir='ltr'><strong>tyranno</strong></span> <span class='ocrx_word' id='word_1_321' title='bbox 1066 2866 1239 2931; x_wconf 81' lang='lat' dir='ltr'><strong>Spaniramiaa</strong></span> 
     </span>
     <span class='ocr_line' id='line_1_34' title="bbox 144 2937 1239 3008; baseline 0.006 -19"><span class='ocrx_word' id='word_1_322' title='bbox 144 2941 193 2990; x_wconf 86' lang='lat' dir='ltr'><strong>albi</strong></span> <span class='ocrx_word' id='word_1_323' title='bbox 205 2942 359 2998; x_wconf 81' lang='lat' dir='ltr'><strong>vindicaret,</strong></span> <span class='ocrx_word' id='word_1_324' title='bbox 376 2941 498 3007; x_wconf 84' lang='lat' dir='ltr'><strong>quodque</strong></span> <span class='ocrx_word' id='word_1_325' title='bbox 512 2944 582 3008; x_wconf 86' lang='lat' dir='ltr'><strong>ipaoa</strong></span> <span class='ocrx_word' id='word_1_326' title='bbox 594 2943 673 2993; x_wconf 76' lang='lat' dir='ltr'><strong>etiam</strong></span> <span class='ocrx_word' id='word_1_327' title='bbox 710 2938 744 2987; x_wconf 75' lang='lat' dir='ltr'><strong>de</strong></span> <span class='ocrx_word' id='word_1_328' title='bbox 755 2937 851 2989; x_wconf 65' lang='lat' dir='ltr'><strong>Preti·</strong></span> <span class='ocrx_word' id='word_1_329' title='bbox 864 2941 941 2991; x_wconf 76' lang='lat' dir='ltr'><strong>Num·</strong></span> <span class='ocrx_word' id='word_1_330' title='bbox 951 2942 1013 2992; x_wconf 79' lang='lat' dir='ltr'><strong>dira·</strong></span> <span class='ocrx_word' id='word_1_331' title='bbox 1027 2957 1063 2994; x_wconf 80' lang='lat' dir='ltr'><strong>vi·</strong></span> <span class='ocrx_word' id='word_1_332' title='bbox 1078 2960 1104 3008; x_wconf 83' lang='lat' dir='ltr'><strong>p.</strong></span> <span class='ocrx_word' id='word_1_333' title='bbox 1114 2950 1172 2996; x_wconf 77' lang='lat' dir='ltr'><strong>boll.</strong></span> <span class='ocrx_word' id='word_1_334' title='bbox 1183 2944 1239 2996; x_wconf 75' lang='lat' dir='ltr'><strong>edt-</strong></span> 
     </span>
     <span class='ocr_line' id='line_1_35' title="bbox 143 3013 1013 3082; baseline 0.002 -17"><span class='ocrx_word' id='word_1_335' title='bbox 143 3016 266 3066; x_wconf 88' lang='lat' dir='ltr'><strong>barbaroa</strong></span> <span class='ocrx_word' id='word_1_336' title='bbox 285 3018 449 3079; x_wconf 86' lang='lat' dir='ltr'><strong>permitteret</strong></span> <span class='ocrx_word' id='word_1_337' title='bbox 461 3018 542 3068; x_wconf 83' lang='lat' dir='ltr'><strong>libere</strong></span> <span class='ocrx_word' id='word_1_338' title='bbox 556 3020 673 3082; x_wconf 74' lang='lat' dir='ltr'><strong>inpetunt</strong></span> <span class='ocrx_word' id='word_1_339' title='bbox 710 3013 788 3066; x_wconf 79' lang='lat' dir='ltr'><strong>clonia</strong></span> <span class='ocrx_word' id='word_1_340' title='bbox 798 3016 911 3066; x_wconf 83' lang='lat' dir='ltr'><strong>minoria.</strong></span> <span class='ocrx_word' id='word_1_341' title='bbox 926 3018 1013 3068; x_wconf 73' lang='lat' dir='ltr'><strong>Araia.</strong></span> 
     </span>
    </p>

    <p class='ocr_par' dir='ltr' id='par_1_9' title="bbox 142 3091 1242 4151">
     <span class='ocr_line' id='line_1_36' title="bbox 143 3091 1238 3162; baseline 0.009 -21"><span class='ocrx_word' id='word_1_342' title='bbox 143 3091 240 3154; x_wconf 75' lang='lat' dir='ltr'><strong>facere,</strong></span> <span class='ocrx_word' id='word_1_343' title='bbox 251 3101 280 3140; x_wconf 86' lang='lat' dir='ltr'><strong>nt</strong></span> <span class='ocrx_word' id='word_1_344' title='bbox 291 3101 396 3141; x_wconf 88' lang='lat' dir='ltr'><strong>onuatoa</strong></span> <span class='ocrx_word' id='word_1_345' title='bbox 409 3096 498 3156; x_wconf 75' lang='lat' dir='ltr'><strong>praeda</strong></span> <span class='ocrx_word' id='word_1_346' title='bbox 510 3094 603 3145; x_wconf 80' lang='lat' dir='ltr'><strong>iteruin</strong></span> <span class='ocrx_word' id='word_1_347' title='bbox 614 3109 673 3160; x_wconf 86' lang='lat' dir='ltr'><strong>poa·</strong></span> <span class='ocrx_word' id='word_1_348' title='bbox 744 3096 1089 3162; x_wconf 75' lang='lat' dir='ltr'><strong>Qaiapargeatnaaeaoliraer]</strong></span> <span class='ocrx_word' id='word_1_349' title='bbox 1106 3099 1238 3151; x_wconf 83' lang='lat' dir='ltr'><strong>‘Africana</strong></span> 
     </span>
     <span class='ocr_line' id='line_1_37' title="bbox 144 3168 1241 3237; baseline 0.007 -19"><span class='ocrx_word' id='word_1_350' title='bbox 144 3178 185 3219; x_wconf 83' lang='lat' dir='ltr'><strong>ret</strong></span> <span class='ocrx_word' id='word_1_351' title='bbox 195 3169 318 3230; x_wconf 77' lang='lat' dir='ltr'><strong>apoliote.</strong></span> <span class='ocrx_word' id='word_1_352' title='bbox 341 3168 394 3217; x_wconf 85' lang='lat' dir='ltr'><strong>Rea</strong></span> <span class='ocrx_word' id='word_1_353' title='bbox 405 3169 491 3231; x_wconf 71' lang='lat' dir='ltr'><strong>igitur,</strong></span> <span class='ocrx_word' id='word_1_354' title='bbox 504 3179 628 3235; x_wconf 84' lang='lat' dir='ltr'><strong>quantuor</strong></span> <span class='ocrx_word' id='word_1_355' title='bbox 639 3171 673 3222; x_wconf 91' lang='lat' dir='ltr'><strong>ad</strong></span> <span class='ocrx_word' id='word_1_356' title='bbox 711 3172 948 3237; x_wconf 72' lang='lat' dir='ltr'><strong>Quinquegentiani</strong></span> <span class='ocrx_word' id='word_1_357' title='bbox 961 3174 1126 3224; x_wconf 81' lang='lat' dir='ltr'><strong>insertabant.</strong></span> <span class='ocrx_word' id='word_1_358' title='bbox 1146 3177 1241 3226; x_wconf 79' lang='lat' dir='ltr'><strong>Narra·</strong></span> 
     </span>
     <span class='ocr_line' id='line_1_38' title="bbox 144 3246 1240 3308; baseline 0.007 -13"><span class='ocrx_word' id='word_1_359' title='bbox 144 3247 333 3296; x_wconf 78' lang='lat' dir='ltr'><strong>Germanorum</strong></span> <span class='ocrx_word' id='word_1_360' title='bbox 347 3246 444 3307; x_wconf 79' lang='lat' dir='ltr'><strong>piratae</strong></span> <span class='ocrx_word' id='word_1_361' title='bbox 456 3249 582 3308; x_wconf 86' lang='lat' dir='ltr'><strong>partinet,</strong></span> <span class='ocrx_word' id='word_1_362' title='bbox 591 3246 673 3298; x_wconf 80' lang='lat' dir='ltr'><strong>fclici-</strong></span> <span class='ocrx_word' id='word_1_363' title='bbox 710 3260 740 3297; x_wconf 84' lang='lat' dir='ltr'><strong>nr</strong></span> <span class='ocrx_word' id='word_1_364' title='bbox 749 3249 853 3300; x_wconf 90' lang='lat' dir='ltr'><strong>Orienti</strong></span> <span class='ocrx_word' id='word_1_365' title='bbox 867 3250 961 3300; x_wconf 84' lang='lat' dir='ltr'><strong>bellom</strong></span> <span class='ocrx_word' id='word_1_366' title='bbox 974 3250 1121 3302; x_wconf 66' lang='lat' dir='ltr'><strong>inferebat!</strong></span> <span class='ocrx_word' id='word_1_367' title='bbox 1147 3254 1240 3303; x_wconf 83' lang='lat' dir='ltr'><strong>Eutro·</strong></span> 
     </span>
     <span class='ocr_line' id='line_1_39' title="bbox 144 3321 1239 3390; baseline 0.008 -20"><span class='ocrx_word' id='word_1_368' title='bbox 144 3331 186 3373; x_wconf 90' lang='lat' dir='ltr'><strong>tar</strong></span> <span class='ocrx_word' id='word_1_369' title='bbox 204 3323 294 3386; x_wconf 76' lang='lat' dir='ltr'><strong>garait,</strong></span> <span class='ocrx_word' id='word_1_370' title='bbox 314 3334 392 3383; x_wconf 90' lang='lat' dir='ltr'><strong>quara</strong></span> <span class='ocrx_word' id='word_1_371' title='bbox 408 3321 478 3384; x_wconf 90' lang='lat' dir='ltr'><strong>apud</strong></span> <span class='ocrx_word' id='word_1_372' title='bbox 495 3323 617 3374; x_wconf 85' lang='lat' dir='ltr'><strong>Noatruru</strong></span> <span class='ocrx_word' id='word_1_373' title='bbox 630 3340 674 3388; x_wconf 84' lang='lat' dir='ltr'><strong>pa·</strong></span> <span class='ocrx_word' id='word_1_374' title='bbox 710 3325 907 3388; x_wconf 69' lang='lat' dir='ltr'><strong>pinuororiua.</strong></span> <span class='ocrx_word' id='word_1_375' title='bbox 936 3327 1239 3390; x_wconf 72' lang='lat' dir='ltr'><strong>luiliotanreuprqpm·</strong></span> 
     </span>
     <span class='ocr_line' id='line_1_40' title="bbox 142 3396 1240 3471; baseline 0.011 -26"><span class='ocrx_word' id='word_1_376' title='bbox 142 3415 196 3450; x_wconf 78' lang='lat' dir='ltr'><strong>rau</strong></span> <span class='ocrx_word' id='word_1_377' title='bbox 211 3396 274 3447; x_wconf 85' lang='lat' dir='ltr'><strong>ferri</strong></span> <span class='ocrx_word' id='word_1_378' title='bbox 294 3412 344 3447; x_wconf 89' lang='lat' dir='ltr'><strong>noa</strong></span> <span class='ocrx_word' id='word_1_379' title='bbox 363 3398 451 3454; x_wconf 79' lang='lat' dir='ltr'><strong>debat,</strong></span> <span class='ocrx_word' id='word_1_380' title='bbox 467 3405 494 3448; x_wconf 83' lang='lat' dir='ltr'><strong>et</strong></span> <span class='ocrx_word' id='word_1_381' title='bbox 508 3414 555 3463; x_wconf 94' lang='lat' dir='ltr'><strong>pro</strong></span> <span class='ocrx_word' id='word_1_382' title='bbox 567 3415 600 3450; x_wconf 86' lang='lat' dir='ltr'><strong>eo</strong></span> <span class='ocrx_word' id='word_1_383' title='bbox 611 3403 675 3452; x_wconf 87' lang='lat' dir='ltr'><strong>acri·</strong></span> <span class='ocrx_word' id='word_1_384' title='bbox 711 3401 753 3451; x_wconf 67' lang='lat' dir='ltr'><strong>nir</strong></span> <span class='ocrx_word' id='word_1_385' title='bbox 763 3398 887 3465; x_wconf 60' lang='lat' dir='ltr'><strong>iubarque</strong></span> <span class='ocrx_word' id='word_1_386' title='bbox 895 3402 1083 3468; x_wconf 79' lang='lat' dir='ltr'><strong>deprehendar,</strong></span> <span class='ocrx_word' id='word_1_387' title='bbox 1094 3409 1137 3471; x_wconf 90' lang='lat' dir='ltr'><strong>qui</strong></span> <span class='ocrx_word' id='word_1_388' title='bbox 1146 3406 1240 3457; x_wconf 83' lang='lat' dir='ltr'><strong>Orien·</strong></span> 
     </span>
     <span class='ocr_line' id='line_1_41' title="bbox 142 3475 1239 3544; baseline 0.005 -17"><span class='ocrx_word' id='word_1_389' title='bbox 142 3476 255 3527; x_wconf 86' lang='lat' dir='ltr'><strong>bendum</strong></span> <span class='ocrx_word' id='word_1_390' title='bbox 271 3490 396 3538; x_wconf 76' lang='lat' dir='ltr'><strong>perorari.</strong></span> <span class='ocrx_word' id='word_1_391' title='bbox 427 3475 615 3541; x_wconf 76' lang='lat' dir='ltr'><strong>Suntparonea</strong></span> <span class='ocrx_word' id='word_1_392' title='bbox 629 3493 674 3529; x_wconf 87' lang='lat' dir='ltr'><strong>ua·</strong></span> <span class='ocrx_word' id='word_1_393' title='bbox 711 3477 890 3528; x_wconf 78' lang='lat' dir='ltr'><strong>taAcbillenan</strong></span> <span class='ocrx_word' id='word_1_394' title='bbox 899 3480 1239 3544; x_wconf 76' lang='lat' dir='ltr'><strong>bellummoriaaeait;moa</strong></span> 
     </span>
     <span class='ocr_line' id='line_1_42' title="bbox 144 3552 1241 3620; baseline 0.009 -19"><span class='ocrx_word' id='word_1_395' title='bbox 144 3567 189 3602; x_wconf 79' lang='lat' dir='ltr'><strong>rea</strong></span> <span class='ocrx_word' id='word_1_396' title='bbox 208 3553 334 3616; x_wconf 74' lang='lat' dir='ltr'><strong>piratica,</strong></span> <span class='ocrx_word' id='word_1_397' title='bbox 346 3552 437 3616; x_wconf 86' lang='lat' dir='ltr'><strong>quibua</strong></span> <span class='ocrx_word' id='word_1_398' title='bbox 454 3553 594 3604; x_wconf 87' lang='lat' dir='ltr'><strong>utebantur</strong></span> <span class='ocrx_word' id='word_1_399' title='bbox 608 3553 674 3606; x_wconf 82' lang='lat' dir='ltr'><strong>Gor·</strong></span> <span class='ocrx_word' id='word_1_400' title='bbox 711 3570 775 3605; x_wconf 82' lang='lat' dir='ltr'><strong>vero</strong></span> <span class='ocrx_word' id='word_1_401' title='bbox 787 3555 920 3620; x_wconf 72' lang='lat' dir='ltr'><strong>anbjunglt</strong></span> <span class='ocrx_word' id='word_1_402' title='bbox 929 3560 937 3584; x_wconf 81' lang='lat'><strong>⁴</strong></span> <span class='ocrx_word' id='word_1_403' title='bbox 946 3558 1061 3608; x_wconf 83' lang='lat' dir='ltr'><strong>Naraeua</strong></span> <span class='ocrx_word' id='word_1_404' title='bbox 1071 3559 1174 3610; x_wconf 81' lang='lat' dir='ltr'><strong>Orienti</strong></span> <span class='ocrx_word' id='word_1_405' title='bbox 1186 3561 1241 3610; x_wconf 87' lang='lat' dir='ltr'><strong>bei·</strong></span> 
     </span>
     <span class='ocr_line' id='line_1_43' title="bbox 144 3628 1241 3699; baseline 0.008 -21"><span class='ocrx_word' id='word_1_406' title='bbox 144 3631 213 3679; x_wconf 83' lang='lat' dir='ltr'><strong>niani</strong></span> <span class='ocrx_word' id='word_1_407' title='bbox 236 3629 377 3692; x_wconf 79' lang='lat' dir='ltr'><strong>pracipuo,</strong></span> <span class='ocrx_word' id='word_1_408' title='bbox 395 3636 464 3678; x_wconf 82' lang='lat' dir='ltr'><strong>teate</strong></span> <span class='ocrx_word' id='word_1_409' title='bbox 481 3628 582 3679; x_wconf 84' lang='lat' dir='ltr'><strong>laidoro</strong></span> <span class='ocrx_word' id='word_1_410' title='bbox 600 3629 675 3696; x_wconf 69' lang='lat' dir='ltr'><strong>Orip.</strong></span> <span class='ocrx_word' id='word_1_411' title='bbox 711 3633 762 3682; x_wconf 81' lang='lat' dir='ltr'><strong>inni</strong></span> <span class='ocrx_word' id='word_1_412' title='bbox 786 3633 943 3684; x_wconf 60' lang='lat' dir='ltr'><strong>interebat?</strong></span> <span class='ocrx_word' id='word_1_413' title='bbox 965 3632 1034 3684; x_wconf 79' lang='lat' dir='ltr'><strong>forte</strong></span> <span class='ocrx_word' id='word_1_414' title='bbox 1054 3635 1192 3699; x_wconf 73' lang='lat' dir='ltr'><strong>legendnm</strong></span> <span class='ocrx_word' id='word_1_415' title='bbox 1213 3636 1241 3686; x_wconf 81' lang='lat' dir='ltr'><strong>ia</strong></span> 
     </span>
     <span class='ocr_line' id='line_1_44' title="bbox 146 3705 1240 3778; baseline 0.009 -23"><span class='ocrx_word' id='word_1_416' title='bbox 146 3719 206 3756; x_wconf 83' lang='lat' dir='ltr'><strong>xix.</strong></span> <span class='ocrx_word' id='word_1_417' title='bbox 230 3709 254 3754; x_wconf 82' lang='lat' dir='ltr'><strong>l.</strong></span> <span class='ocrx_word' id='word_1_418' title='bbox 272 3706 360 3754; x_wconf 82' lang='lat' dir='ltr'><strong>‘Paro</strong></span> <span class='ocrx_word' id='word_1_419' title='bbox 380 3705 511 3769; x_wconf 72' lang='lat' dir='ltr'><strong>nauigium</strong></span> <span class='ocrx_word' id='word_1_420' title='bbox 532 3705 674 3768; x_wconf 76' lang='lat' dir='ltr'><strong>piratarum</strong></span> <span class='ocrx_word' id='word_1_421' title='bbox 709 3713 817 3774; x_wconf 62' lang='lat' dir='ltr'><strong>meridia,</strong></span> <span class='ocrx_word' id='word_1_422' title='bbox 839 3728 888 3776; x_wconf 89' lang='lat' dir='ltr'><strong>pro</strong></span> <span class='ocrx_word' id='word_1_423' title='bbox 908 3715 933 3763; x_wconf 83' lang='lat' dir='ltr'><strong>br</strong></span> <span class='ocrx_word' id='word_1_424' title='bbox 950 3714 1049 3765; x_wconf 70' lang='lat' dir='ltr'><strong>orbata</strong></span> <span class='ocrx_word' id='word_1_425' title='bbox 1081 3714 1240 3778; x_wconf 78' lang='lat' dir='ltr'><strong>Pomponiae</strong></span> 
     </span>
     <span class='ocr_line' id='line_1_45' title="bbox 144 3783 1240 3855; baseline 0.006 -22"><span class='ocrx_word' id='word_1_426' title='bbox 144 3792 244 3847; x_wconf 86' lang='lat' dir='ltr'><strong>aptum,</strong></span> <span class='ocrx_word' id='word_1_427' title='bbox 255 3790 283 3832; x_wconf 85' lang='lat' dir='ltr'><strong>ct</strong></span> <span class='ocrx_word' id='word_1_428' title='bbox 293 3796 326 3830; x_wconf 79' lang='lat' dir='ltr'><strong>ax</strong></span> <span class='ocrx_word' id='word_1_429' title='bbox 340 3783 369 3832; x_wconf 85' lang='lat' dir='ltr'><strong>iir</strong></span> <span class='ocrx_word' id='word_1_430' title='bbox 388 3783 425 3832; x_wconf 89' lang='lat' dir='ltr'><strong>ita</strong></span> <span class='ocrx_word' id='word_1_431' title='bbox 436 3789 565 3833; x_wconf 78' lang='lat' dir='ltr'><strong>vocatum.</strong></span> <span class='ocrx_word' id='word_1_432' title='bbox 600 3784 675 3836; x_wconf 87' lang='lat' dir='ltr'><strong>Cica-</strong></span> <span class='ocrx_word' id='word_1_433' title='bbox 711 3788 800 3839; x_wconf 76' lang='lat' dir='ltr'><strong>Larua</strong></span> <span class='ocrx_word' id='word_1_434' title='bbox 814 3791 946 3840; x_wconf 75' lang='lat' dir='ltr'><strong>Gentium</strong></span> <span class='ocrx_word' id='word_1_435' title='bbox 957 3791 1015 3840; x_wconf 90' lang='lat' dir='ltr'><strong>illua</strong></span> <span class='ocrx_word' id='word_1_436' title='bbox 1027 3799 1113 3853; x_wconf 77' lang='lat' dir='ltr'><strong>vocat,</strong></span> <span class='ocrx_word' id='word_1_437' title='bbox 1125 3806 1189 3855; x_wconf 88' lang='lat' dir='ltr'><strong>quoa</strong></span> <span class='ocrx_word' id='word_1_438' title='bbox 1200 3788 1240 3840; x_wconf 88' lang='lat' dir='ltr'><strong>i&#39;n·</strong></span> 
     </span>
     <span class='ocr_line' id='line_1_46' title="bbox 144 3856 1241 3930; baseline 0.008 -22"><span class='ocrx_word' id='word_1_439' title='bbox 144 3874 189 3909; x_wconf 85' lang='lat' dir='ltr'><strong>ro:</strong></span> <span class='ocrx_word' id='word_1_440' title='bbox 202 3859 290 3907; x_wconf 78' lang='lat' dir='ltr'><strong>‘Tunc</strong></span> <span class='ocrx_word' id='word_1_441' title='bbox 306 3871 333 3906; x_wconf 89' lang='lat' dir='ltr'><strong>ae</strong></span> <span class='ocrx_word' id='word_1_442' title='bbox 350 3856 488 3922; x_wconf 66' lang='lat' dir='ltr'><strong>fluctigero</strong></span> <span class='ocrx_word' id='word_1_443' title='bbox 506 3859 587 3909; x_wconf 83' lang='lat' dir='ltr'><strong>tradit</strong></span> <span class='ocrx_word' id='word_1_444' title='bbox 603 3875 675 3911; x_wconf 83' lang='lat' dir='ltr'><strong>man·</strong></span> <span class='ocrx_word' id='word_1_445' title='bbox 711 3865 763 3914; x_wconf 87' lang='lat' dir='ltr'><strong>irae</strong></span> <span class='ocrx_word' id='word_1_446' title='bbox 774 3866 987 3930; x_wconf 69' lang='lat' dir='ltr'><strong>quinquagenarios</strong></span> <span class='ocrx_word' id='word_1_447' title='bbox 997 3875 1024 3916; x_wconf 92' lang='lat' dir='ltr'><strong>et</strong></span> <span class='ocrx_word' id='word_1_448' title='bbox 1033 3881 1113 3930; x_wconf 79' lang='lat' dir='ltr'><strong>rupta</strong></span> <span class='ocrx_word' id='word_1_449' title='bbox 1124 3882 1182 3917; x_wconf 82' lang='lat' dir='ltr'><strong>auin</strong></span> <span class='ocrx_word' id='word_1_450' title='bbox 1194 3881 1241 3917; x_wconf 85' lang='lat' dir='ltr'><strong>na·</strong></span> 
     </span>
     <span class='ocr_line' id='line_1_47' title="bbox 145 3934 1220 4003; baseline 0.007 -18"><span class='ocrx_word' id='word_1_451' title='bbox 145 3936 238 4000; x_wconf 81' lang='lat' dir='ltr'><strong>datque</strong></span> <span class='ocrx_word' id='word_1_452' title='bbox 258 3934 368 4000; x_wconf 88' lang='lat' dir='ltr'><strong>paroni.&#39;</strong></span> <span class='ocrx_word' id='word_1_453' title='bbox 401 3936 531 4001; x_wconf 80' lang='lat' dir='ltr'><strong>Myoparo</strong></span> <span class='ocrx_word' id='word_1_454' title='bbox 542 3939 615 4003; x_wconf 82' lang='lat' dir='ltr'><strong>qnari</strong></span> <span class='ocrx_word' id='word_1_455' title='bbox 628 3940 674 3990; x_wconf 88' lang='lat' dir='ltr'><strong>rui·</strong></span> <span class='ocrx_word' id='word_1_456' title='bbox 711 3951 910 3991; x_wconf 83' lang='lat' dir='ltr'><strong>auarumauctor</strong></span> <span class='ocrx_word' id='word_1_457' title='bbox 921 3951 970 3990; x_wconf 79' lang='lat' dir='ltr'><strong>eit.</strong></span> <span class='ocrx_word' id='word_1_458' title='bbox 988 3942 1082 3992; x_wconf 73' lang='lat' dir='ltr'><strong>Subori.</strong></span> <span class='ocrx_word' id='word_1_459' title='bbox 1217 3979 1220 3984; x_wconf 84' lang='grc'>-</span> 
     </span>
     <span class='ocr_line' id='line_1_48' title="bbox 145 4010 1242 4081; baseline 0.007 -21"><span class='ocrx_word' id='word_1_460' title='bbox 145 4012 228 4061; x_wconf 83' lang='lat' dir='ltr'><strong>nimau</strong></span> <span class='ocrx_word' id='word_1_461' title='bbox 252 4010 407 4075; x_wconf 80' lang='lat' dir='ltr'><strong>paro,idenr</strong></span> <span class='ocrx_word' id='word_1_462' title='bbox 430 4019 456 4062; x_wconf 82' lang='lat' dir='ltr'><strong>et</strong></span> <span class='ocrx_word' id='word_1_463' title='bbox 474 4013 593 4064; x_wconf 84' lang='lat' dir='ltr'><strong>carabar.</strong></span> <span class='ocrx_word' id='word_1_464' title='bbox 627 4015 675 4066; x_wconf 82' lang='lat' dir='ltr'><strong>Eat</strong></span> <span class='ocrx_word' id='word_1_465' title='bbox 743 4021 803 4081; x_wconf 73' lang='lat'><strong>§2⁸</strong></span> <span class='ocrx_word' id='word_1_466' title='bbox 820 4017 953 4081; x_wconf 65' lang='lat' dir='ltr'><strong>Achilleas]</strong></span> <span class='ocrx_word' id='word_1_467' title='bbox 966 4017 1031 4066; x_wconf 84' lang='lat' dir='ltr'><strong>vide</strong></span> <span class='ocrx_word' id='word_1_468' title='bbox 1043 4017 1242 4081; x_wconf 72' lang='lat' dir='ltr'><strong>magnomiiro·</strong></span> 
     </span>
     <span class='ocr_line' id='line_1_49' title="bbox 145 4085 1144 4151; baseline 0.004 -15"><span class='ocrx_word' id='word_1_469' title='bbox 145 4091 215 4137; x_wconf 76' lang='lat' dir='ltr'><strong>enirn</strong></span> <span class='ocrx_word' id='word_1_470' title='bbox 235 4102 315 4150; x_wconf 84' lang='lat' dir='ltr'><strong>parra</strong></span> <span class='ocrx_word' id='word_1_471' title='bbox 332 4088 426 4151; x_wconf 86' lang='lat' dir='ltr'><strong>acapba</strong></span> <span class='ocrx_word' id='word_1_472' title='bbox 441 4103 473 4137; x_wconf 82' lang='lat' dir='ltr'><strong>aa</strong></span> <span class='ocrx_word' id='word_1_473' title='bbox 489 4085 585 4141; x_wconf 82' lang='lat' dir='ltr'><strong>riniiuo</strong></span> <span class='ocrx_word' id='word_1_474' title='bbox 595 4089 675 4149; x_wconf 84' lang='lat' dir='ltr'><strong>facta.</strong></span> <span class='ocrx_word' id='word_1_475' title='bbox 711 4095 814 4143; x_wconf 80' lang='lat' dir='ltr'><strong>noviom</strong></span> <span class='ocrx_word' id='word_1_476' title='bbox 826 4091 1040 4142; x_wconf 75' lang='lat' dir='ltr'><strong>Obaerv.1v.ld.</strong></span> <span class='ocrx_word' id='word_1_477' title='bbox 1057 4093 1144 4143; x_wconf 73' lang='lat' dir='ltr'><strong>Arate.</strong></span> 
     </span>
    </p>

    <p class='ocr_par' dir='ltr' id='par_1_10' title="bbox 145 4164 1270 4309">
     <span class='ocr_line' id='line_1_50' title="bbox 145 4164 1270 4234; baseline 0.007 -21"><span class='ocrx_word' id='word_1_478' title='bbox 145 4177 204 4228; x_wconf 75' lang='lat' dir='ltr'><strong>qna</strong></span> <span class='ocrx_word' id='word_1_479' title='bbox 216 4173 341 4213; x_wconf 77' lang='lat' dir='ltr'><strong>contexta</strong></span> <span class='ocrx_word' id='word_1_480' title='bbox 353 4164 435 4213; x_wconf 89' lang='lat' dir='ltr'><strong>crudo</strong></span> <span class='ocrx_word' id='word_1_481' title='bbox 451 4166 523 4215; x_wconf 87' lang='lat' dir='ltr'><strong>corio</strong></span> <span class='ocrx_word' id='word_1_482' title='bbox 537 4181 674 4230; x_wconf 70' lang='lat' dir='ltr'><strong>gentiana·</strong></span> <span class='ocrx_word' id='word_1_483' title='bbox 743 4172 802 4233; x_wconf 69' lang='lat' dir='ltr'><strong>§ab</strong></span> <span class='ocrx_word' id='word_1_484' title='bbox 816 4170 888 4219; x_wconf 81' lang='lat' dir='ltr'><strong>Prior</strong></span> <span class='ocrx_word' id='word_1_485' title='bbox 898 4169 1010 4219; x_wconf 78' lang='lat' dir='ltr'><strong>Herculii</strong></span> <span class='ocrx_word' id='word_1_486' title='bbox 1019 4169 1240 4234; x_wconf 74' lang='lat' dir='ltr'><strong>priuigaumJTba·</strong></span> <span class='ocrx_word' id='word_1_487' title='bbox 1267 4227 1270 4233; x_wconf 47' lang='lat'><em>,</em></span> 
     </span>
     <span class='ocr_line' id='line_1_51' title="bbox 146 4239 1239 4309; baseline 0.01 -21"><span class='ocrx_word' id='word_1_488' title='bbox 146 4239 427 4304; x_wconf 71' lang='lat' dir='ltr'><strong>viqiiprabat,qua10a</strong></span> <span class='ocrx_word' id='word_1_489' title='bbox 442 4249 551 4294; x_wconf 83' lang='lat' dir='ltr'><strong>utuntur</strong></span> <span class='ocrx_word' id='word_1_490' title='bbox 565 4244 673 4297; x_wconf 78' lang='lat' dir='ltr'><strong>Germa·</strong></span> <span class='ocrx_word' id='word_1_491' title='bbox 711 4245 832 4309; x_wconf 71' lang='lat' dir='ltr'><strong>odoram</strong></span> <span class='ocrx_word' id='word_1_492' title='bbox 852 4246 973 4299; x_wconf 73' lang='lat' dir='ltr'><strong>Galaria·</strong></span> <span class='ocrx_word' id='word_1_493' title='bbox 990 4247 1146 4298; x_wconf 80' lang='lat' dir='ltr'><strong>Diocletiani</strong></span> <span class='ocrx_word' id='word_1_494' title='bbox 1162 4247 1239 4299; x_wconf 77' lang='lat' dir='ltr'><strong>dliaar</strong></span> 
     </span>
    </p>
   </div>
   <div class='ocr_carea' id='block_1_7' title="bbox 0 0 1546 5040">
    <p class='ocr_par' dir='ltr' id='par_1_11' title="bbox 0 0 1546 5040">
     <span class='ocr_line' id='line_1_52' title="bbox 0 0 1546 5040; baseline 0 0"><span class='ocrx_word' id='word_1_495' title='bbox 0 0 1546 5040; x_wconf 95' lang='lat' dir='ltr'><strong> </strong></span> 
     </span>
    </p>
   </div>
  </div>
 </body>
</html>
