3074 5040
396 416 974 476 aunou.vrcr.ur1rouuu,csr.
999 416 1139 465 xuvru.
1247 401 1311 467 851
1339 477 1341 481 ,

219 567 318 624 narde,
329 563 385 612 ἄλλ’
396 562 575 626 alamannos
587 563 623 611 ἐπ’
635 563 698 626 cirri
709 560 747 610 nai
787 576 868 625 prope
880 561 977 624 divino,
996 576 1044 626 per
1060 576 1088 611 se
1105 562 1172 624 ipsos
1188 569 1216 612 et
1226 566 1314 614 nrode·

218 641 261 689 τὸν
273 640 344 703 ἄνδρα
355 639 459 700 καθάπερ
469 638 647 700 παιδαγωγὸνῆ
658 636 748 702 raripa
786 649 855 689 ratos
866 649 893 690 et
904 657 995 701 graves
1007 641 1136 690 exsiliisse
1149 639 1241 690 fateor.
1258 643 1315 692 Eli·

219 721 313 780 μᾶλλον
330 717 469 777 αἰδούμενος·
482 717 558 781 ἄρειον
576 717 601 767 ol
622 717 692 779 φίλον
709 717 748 766 acal
786 734 825 767 am
839 719 902 768 illud
916 720 1038 781 adjungo,
1055 719 1149 779 sapius
1167 716 1199 766 ad
1213 718 1314 767 laudem

219 794 353 854 συμβιωτὴν
380 793 546 857 ἐπιγράφομαι.
589 795 747 843 Plutarchus
786 803 864 858 atque
882 793 1315 844 virhrtemnaruramsinedoctri·

218 879 291 921 certe
310 873 336 919 in
354 872 406 919 vita
419 867 572 934 Poplicolae,
584 871 746 920 Athenodori
786 888 829 928 na,
848 887 924 936 quam
941 874 997 920 sine
1016 884 1107 919 nainra
1122 871 1232 919 relisisse
1252 871 1314 920 doc-

218 947 335 1011 qoredsna
358 945 478 1009 advocat,
496 946 616 996 Octaviae
639 946 748 995 Caesarie
786 948 899 998 trinam!
932 948 1054 997 Horatios
1074 948 1157 1010 Epist.
1177 959 1196 995 ι.
1219 950 1258 995 18.
1278 961 1315 997 ra.

218 1024 300 1071 aorori
321 1023 451 1085 iuscripta·
483 1024 645 1086 Tranquillus
667 1021 746 1071 eiiam
787 1023 1144 1074 100.‘Virnriemdoclrirra
1163 1032 1246 1085 parer,
1270 1038 1315 1073 na·

217 1101 301 1149 literis
313 1098 421 1163 hinguari
434 1098 745 1149 Athenodorumclaudio
787 1100 991 1151 inraoedonei!
1025 1101 1121 1150 Cicero
1136 1100 1228 1149 henim
1246 1100 1314 1150 Ora-

217 1177 320 1227 Tiberio
329 1180 473 1243 appositum
481 1178 746 1242 docet‚quicumquo·
786 1179 856 1227 tione
874 1193 920 1240 pro
937 1178 1006 1226 Mur.
1019 1193 1042 1227 c.
1060 1179 1100 1224 8⁰.
1118 1175 1255 1225 ‘Fatebor
1272 1190 1313 1226 me

218 1257 282 1305 iidie
306 1267 460 1312 versaretur,
484 1271 581 1321 usuque
604 1256 747 1318 sapientior
785 1269 886 1318 quoque
904 1254 929 1301 in
945 1252 1132 1313 adolescentia,
1148 1250 1258 1300 diffisum
1276 1252 1315 1300 in·

218 1332 373 1383 efficeretur.
398 1334 604 1397 Claudiocap.4.
625 1332 699 1381 Idem
708 1339 746 1380 la·
786 1332 861 1395 genio
873 1345 940 1391 meo,
952 1330 1073 1393 quesisse
1086 1328 1235 1391 adjumenta
1253 1327 1314 1376 doc·

218 1427 276 1460 men
293 1428 351 1473 cap.
369 1416 409 1462 al.
433 1412 534 1461 Livium
552 1424 654 1476 nasoque
672 1408 746 1458 fami·
785 1406 879 1456 trion)
929 1405 1005 1456 Quod
1032 1405 1157 1454 rationem
1192 1403 1314 1468 loquendi

217 1485 745 1552 hareminisse,adeoque'scrihendaehia·
785 1493 897 1548 spectat‚
923 1498 973 1532 non
996 1484 1105 1532 mulium
1128 1481 1182 1531 ehii
1202 1480 1314 1530 Ovidius

218 1567 290 1615 toriae
317 1575 447 1615 auctorem
471 1565 580 1616 Claudio
606 1563 746 1612 exstitisse.
784 1557 1313 1623 eaPont.Episr.1v.s.sr.‘vivirad-

218 1641 414 1703 Quidaiigiinr
431 1640 701 1704 locodidicerol,quod
719 1641 745 1689 in
784 1640 843 1694 huc,
867 1640 997 1701 vitamque
1022 1637 1068 1686 ribi
1089 1636 1185 1685 debere
1207 1636 1315 1692 salerno,

216 1717 281 1765 Mss.
297 1716 392 1767 afuisse
408 1718 465 1781 jana
477 1717 598 1777 diximus,
614 1719 654 1766 vel
667 1717 745 1775 Lr'oia,
784 1717 867 1768 Quam
876 1719 945 1778 prins
957 1730 972 1763 a
983 1715 1039 1763 miii
1052 1715 1156 1764 Caeaare
1168 1727 1259 1762 munus
1268 1712 1313 1761 ha·

217 1795 631 1858 relAllaenodaro(nlerqueenim
643 1792 746 1856 Augus·
785 1793 848 1843 bct!
882 1794 983 1857 Siquis
1003 1803 1087 1840 laureo
1107 1795 1199 1838 naleroe
1218 1803 1314 1839 mranm

217 1872 334 1934 injurata
350 1869 632 1934 familiaris)scriptum
647 1869 745 1920 fueriti
785 1872 906 1932 voluerii,
929 1884 978 1918 non
1000 1881 1157 1931 magnopere
1182 1866 1313 1929 pugnabo.

216 1948 268 1996 Sed
289 1949 345 1995 haec
362 1947 511 2010 conjectura
531 1955 630 1996 lanium
648 1956 745 2003 noeirs,
790 1948 878 1996 Arnlz.

216 2039 266 2072 non
278 2023 411 2084 τεκμήριον.
445 2022 581 2084 vulgatam
599 2023 679 2084 ignor
692 2024 744 2071 lec·
817 2026 831 2087 §
852 2028 881 2072 15
899 2022 1005 2078 Monuit,
1021 2022 1061 2084 ul]
1080 2019 1171 2069 aben
1182 2028 1208 2068 et
1223 2034 1238 2067 a
1254 2034 1314 2068 nos·

217 2101 311 2150 tionem
332 2100 452 2149 Frobenii
473 2108 500 2148 et
521 2099 610 2148 vineti
633 2100 745 2149 retinere
785 2101 851 2149 tris:
876 2107 904 2148 et
925 2100 997 2147 nucis
1020 2100 1162 2147 incluserat
1180 2099 1314 2147 Schniius.

217 2180 313 2240 placer,
324 2178 396 2243 qnasi
415 2176 560 2241 philosophi
576 2191 668 2225 nomen
684 2191 745 2226 auc·
784 2179 871 2225 Araia.

217 2256 280 2303 roris
292 2255 438 2304 memoriam
448 2252 562 2313 fugerim
579 2253 639 2302 dum
650 2254 745 2304 veritas
817 2255 830 2316 p
850 2257 881 2300 lo
905 2251 989 2315 Raroe]
1017 2252 1097 2300 Clarae
1116 2251 1185 2312 vulg.
1206 2259 1234 2298 et
1251 2263 1311 2297 mox

216 2330 360 2380 Democriti
381 2340 461 2393 puteo
478 2345 559 2378 mersa
578 2331 606 2378 in
628 2330 744 2391 apricum
782 2346 856 2394 grone
868 2333 965 2395 mador.
999 2331 1107 2378 Rursum
1117 2329 1215 2390 benigni
1224 2327 1313 2390 princi·

217 2403 520 2470 proferatur‚'l'emporis
539 2406 605 2454 euim
624 2403 677 2454 lilia
696 2417 745 2456 eat.
781 2424 831 2472 pes,
853 2408 920 2472 quod
943 2408 1034 2456 mirum
1061 2417 1185 2471 quonium
1216 2407 1314 2468 placet.

217 2482 311 2532 Saliari.
346 2483 410 2531 Mos.
429 2490 457 2531 et
469 2483 563 2530 Veron.
583 2489 710 2531 anslaro:
729 2497 745 2530 a
785 2484 868 2535 Iidem
885 2483 1001 2533 sollicitas
1018 2484 1148 2540 arnone.
1163 2481 1264 2545 anacii
1284 2488 1313 2531 at

217 2637 341 2685 inclusum
368 2637 491 2686 didicerat.
531 2636 563 2685 ln
592 2637 744 2699 qriihuadam
784 2642 854 2691 bont.
873 2641 965 2690 Scholl.

217 2712 277 2760 edd.
289 2714 383 2775 legitur
400 2714 440 2762 hic
457 2715 545 2762 locris:
567 2713 637 2762 Unde
654 2713 746 2763 modica
815 2721 871 2782 §la
890 2719 997 2780 Benigni
1012 2716 1159 2780 principum]
1186 2715 1312 2765 Horatius

216 2789 329 2836 dilatione
350 2789 518 2837 emolliebatur.
552 2789 686 2852 Aliquando
709 2803 744 2838 re·
784 2795 835 2844 Od.
857 2809 888 2844 rr.
912 2799 951 2845 18.
970 2798 995 2842 9.
1018 2794 1070 2842 ‘Aa
1093 2794 1156 2841 fides
1176 2801 1202 2841 et
1225 2793 1312 2856 ingeni

216 2865 488 2927 uerupraeceplnhahuil
505 2866 745 2928 definiendas&
783 2873 977 2935 Benignarann
994 2869 1051 2920 esi!
1077 2869 1202 2919 Phaedrus
1217 2869 1315 2918 Faba.

219 2943 353 3001 Arignotus,
364 2959 379 2991 a
390 2944 542 3007 philosophia
553 2945 743 2995 doaloredidiae·
783 2954 823 2999 23.
845 2951 983 3012 ‘Namque
1005 2948 1054 2996 isla
1072 2947 1158 2995 subita
1176 2961 1216 2995 me
1233 2947 1314 3010 jubet

216 3024 264 3065 rol.
288 3019 317 3066 lu
330 3036 379 3083 (pm
391 3023 503 3071 lectione
512 3022 615 3073 Giianio
627 3028 743 3086 rapapflc·
783 3025 930 3088 benigniias
940 3025 1053 3087 vigilare
1063 3025 1079 3072 ι’
1088 3025 1129 3072 ubi
1140 3025 1315 3082 Burmannus,

217 3095 326 3155 βλημένα
337 3097 458 3146 videniur
467 3100 524 3159 ista,
532 3103 745 3164 aliqumdoseoera
782 3109 832 3153 dcc.
861 3105 919 3153 Nec
930 3117 1023 3150 caussa
1038 3110 1088 3160 esi,
1100 3115 1145 3149 cur
1152 3101 1269 3162 principer
1279 3115 1312 3148 ex

216 3179 341 3235 praerepta.
354 3174 427 3235 Sylh.
461 3177 516 3223 Vos
530 3179 645 3226 didicerat
657 3179 744 3227 delen·
784 3181 842 3229 edd.
855 3178 977 3244 preferat
990 3180 1028 3224 vir
1040 3177 1140 3235 doctus,
1151 3192 1208 3225 cum
1227 3178 1263 3225 ita
1275 3178 1312 3225 le·

218 3249 438 3304 comanensium
451 3252 523 3299 libris
541 3258 640 3302 calamo
654 3271 743 3303 exara·
783 3267 857 3319 gatair
868 3264 958 3305 conire
971 3269 1057 3301 onmes
1071 3255 1134 3301 Mas.
1146 3262 1173 3301 el
1185 3268 1235 3301 nou
1245 3256 1312 3302 rurale

219 3329 262 3383 tis,
273 3325 297 3373 in
310 3325 401 3389 quibus
414 3341 462 3375 non
473 3327 580 3377 visitur:
591 3331 668 3379 iidem
682 3348 745 3396 quo·
784 3332 857 3382 Leid.
869 3337 893 3380 2.
902 3331 1050 3394 principium.
1069 3331 1170 3378 Nomen
1182 3331 1250 3377 enirn
1262 3330 1312 3378 hoc

218 3419 269 3466 qrre
287 3403 384 3451 hahent
403 3409 517 3452 anolura
539 3415 649 3455 rantum.
671 3408 745 3456 Grai.
782 3418 892 3471 utroque
918 3407 994 3455 modo
1020 3405 1159 3469 genitivum
1185 3405 1311 3466 pluralem

218 3481 316 3528 Nescio
327 3496 390 3544 quas
402 3482 427 3527 in
444 3482 501 3528 loco
513 3483 677 3544 apertissimo
690 3493 744 3532 lur-
783 3486 913 3535 terminat.
933 3485 1024 3534 Cicero
1036 3497 1083 3547 pro
1098 3484 1203 3548 Ligario
1214 3499 1273 3548 cap.
1284 3490 1311 3537 6.

218 3559 263 3607 bas
275 3562 388 3605 excirent
401 3558 448 3606 viri
461 3556 539 3613 docti,
559 3560 744 3620 simplicissima
782 3562 899 3611 'Partim
919 3561 1011 3610 slrsdiis
1029 3577 1043 3609 a
1058 3562 1186 3611 communi
1199 3563 1312 3613 ulilitate

219 3635 745 3697 est{seriosissquaereorannondebe·
782 3640 970 3690 aberrantibus.
1010 3639 1171 3702 Principium
1198 3641 1312 3702 diguilas

219 3712 264 3760 bat
285 3712 441 3776 conjecturis
469 3712 553 3771 minus
577 3715 745 3776 necessariis3
785 3727 928 3782 eratpoene
947 3720 1017 3779 par?
1037 3718 1074 3765 ila
1093 3718 1117 3765 in
1135 3718 1235 3780 scripio
1254 3718 1312 3767 cod.

217 3805 306 3839 sensus
323 3799 374 3847 car.
394 3798 492 3839 tantum
510 3791 682 3840 Theodosium
701 3806 746 3839 na·
785 3797 882 3856 inveni,
900 3804 927 3844 ct
945 3809 1065 3844 numerus
1083 3796 1205 3845 oralionus
1220 3796 1312 3858 exigit.

219 3876 283 3915 turre
305 3864 430 3915 beneficio
453 3865 601 3928 proiecisse,
623 3875 746 3930 quinorum
783 3874 910 3923 Quinctil.
934 3873 1010 3920 Deci.
1029 3885 1070 3921 xr.
1091 3877 1115 3920 2.
1133 3872 1240 3921 ‘Habet
1261 3874 1310 3922 hoc

220 3942 353 4008 Augustus
365 3943 665 4007 litterarumdisciplina.
680 3946 745 3995 ileo
783 3949 841 3995 nrnli
855 3947 1007 4009 principium
1020 3945 1191 3996 innocentia?
1209 3948 1245 3997 sic
1255 3949 1310 4012 qni·

219 4021 256 4070 ila
268 4031 432 4084 opponuntur
445 4023 513 4084 apud
526 4023 677 4072 Ciceronem
697 4039 745 4087 pro
782 4024 840 4072 dem
853 4026 903 4074 hls.
920 4024 987 4088 quod
1005 4025 1113 4087 contuli,
1132 4040 1189 4074 cum
1203 4026 1312 4075 nonnul·

221 4099 317 4146 Archia
335 4116 359 4148 c.
380 4105 406 4148 7.
425 4101 500 4161 ‘Ego
518 4102 612 4149 multos
630 4101 744 4152 homiues
782 4105 822 4159 lis,
845 4118 902 4166 qun
925 4101 1013 4150 laudat
1035 4102 1206 4152 Burmannus.
1234 4104 1310 4154 Adda

221 4175 358 4224 excellenti
370 4178 453 4225 arrimo
465 4192 496 4226 ac
515 4178 610 4227 virtute
623 4175 702 4227 luisse
716 4188 744 4228 ei
781 4181 885 4231 Dnlaer.
903 4178 934 4227 ad
952 4179 1054 4227 Florum
1075 4192 1105 4230 ιι.
1122 4186 1148 4230 ὅ.
1164 4180 1214 4229 fine
1226 4190 1254 4229 et
1267 4194 1310 4230 ur.

219 4253 275 4301 siue
292 4251 419 4315 doctrina,
433 4261 530 4305 natura
552 4256 633 4319 ipsius
655 4255 743 4306 hahilu
782 4263 823 4309 21.
834 4259 848 4322 i
860 4260 905 4308 lr.
917 4269 974 4306 cum
988 4254 1076 4306 Corlio
1092 4257 1124 4306 ad
1140 4257 1203 4307 Sall.
1214 4257 1276 4322 Jug.
1287 4271 1311 4308 c.
